<record><header><identifier>oai:alma.41SLSP_UGE:991000102679705502</identifier><datestamp>2023-03-01T01:10:20Z</datestamp><setSpec>uge_bcen_RapidILL_BOOK</setSpec><setSpec>uge_aaca_RapidILL_BOOK</setSpec><setSpec>uge_abels_RapidILL_BOOK</setSpec><setSpec>uge_dbu_RapidILL_BOOK</setSpec><setSpec>uge_cmu_RapidILL_BOOK</setSpec><setSpec>uge_mail_RapidILL_BOOK</setSpec><setSpec>UNIGE_ALL</setSpec><setSpec>uge_abbat_RapidILL_BOOK</setSpec><setSpec>uge_aobs_RapidILL_BOOK</setSpec><setSpec>uge_acar_RapidILL_BOOK</setSpec></header><metadata>
<record xmlns="http://www.loc.gov/MARC21/slim" xmlns:xsi="http://www.w3.org/2001/XMLSchema-instance" xsi:schemaLocation="http://www.loc.gov/MARC21/slim http://www.loc.gov/standards/marcxml/schema/MARC21slim.xsd"><leader>01475nam a2200325 c 4500</leader><controlfield tag="001">991000102679705502</controlfield><controlfield tag="005">20211103132222.0</controlfield><controlfield tag="008">070807s1940    gw ||||| |||| 00| ||grc d</controlfield><datafield ind1=" " ind2=" " tag="035"><subfield code="a">(swissbib)105663069-41slsp_network</subfield></datafield><datafield ind1=" " ind2=" " tag="035"><subfield code="a">105663069</subfield><subfield code="9">ExL</subfield></datafield><datafield ind1=" " ind2=" " tag="035"><subfield code="a">(RERO)R004522089-41slsp</subfield></datafield><datafield ind1=" " ind2=" " tag="035"><subfield code="a">(EXLNZ-41SLSP_NETWORK)991078239519705501</subfield></datafield><datafield ind1=" " ind2=" " tag="040"><subfield code="a">RERO gefoha</subfield><subfield code="d">CH-ZuSLS</subfield></datafield><datafield ind1=" " ind2="7" tag="072"><subfield code="a">gr</subfield><subfield code="2">rero</subfield></datafield><datafield ind1="0" ind2=" " tag="100"><subfield code="6">880-01</subfield><subfield code="a">Xénophon</subfield><subfield code="d">0430?-0355? av. J.-C.</subfield><subfield code="0">(IDREF)027308367</subfield><subfield code="4">cre</subfield></datafield><datafield ind1="0" ind2=" " tag="880"><subfield code="6">100-01/(S</subfield><subfield code="a">Ξενοφῶν</subfield></datafield><datafield ind1="1" ind2="0" tag="245"><subfield code="6">880-02</subfield><subfield code="a">Xenophōntos Hellēnika</subfield><subfield code="b">= Xenophontis Historia Graeca</subfield><subfield code="c">recensuit Carolus Hude</subfield></datafield><datafield ind1="1" ind2="0" tag="880"><subfield code="6">245-02/(S</subfield><subfield code="a">Ξενοφῶντος Ἑλληνικά</subfield><subfield code="b">= Xenophontis Historia Graeca</subfield><subfield code="c">recensuit Carolus Hude</subfield></datafield><datafield ind1="1" ind2=" " tag="246"><subfield code="a">Xenopho̲ntos Ellēnika = Xenophontis Historia Graeca / recensuit Carolus Hude</subfield></datafield><datafield ind1=" " ind2=" " tag="250"><subfield code="a">Ed. minor</subfield></datafield><datafield ind1=" " ind2="1" tag="264"><subfield code="a">Lipsiae</subfield><subfield code="b">B.G. Teubner</subfield><subfield code="c">1940</subfield></datafield><datafield ind1=" " ind2=" " tag="300"><subfield code="a">282 p.</subfield><subfield code="c">in-16</subfield></datafield><datafield ind1=" " ind2=" " tag="336"><subfield code="b">txt</subfield><subfield code="2">rdacontent</subfield></datafield><datafield ind1=" " ind2=" " tag="337"><subfield code="b">n</subfield><subfield code="2">rdamedia</subfield></datafield><datafield ind1=" " ind2=" " tag="338"><subfield code="b">nc</subfield><subfield code="2">rdacarrier</subfield></datafield><datafield ind1="1" ind2=" " tag="490"><subfield code="a">Bibliotheca scriptorum Graecorum et Romanorum Teubneriana</subfield></datafield><datafield ind1=" " ind2=" " tag="500"><subfield code="a">Titre conventionnel: Hellenica</subfield></datafield><datafield ind1=" " ind2=" " tag="500"><subfield code="a">Texte grec avec une préf. en latin</subfield></datafield><datafield ind1="1" ind2=" " tag="700"><subfield code="a">Hude, Karl</subfield><subfield code="c">helléniste</subfield><subfield code="d">1860-1936</subfield><subfield code="0">(IDREF)03234094X</subfield></datafield><datafield ind1=" " ind2=" " tag="830"><subfield code="a">Bibliotheca scriptorum graecorum et romanorum teubneriana</subfield><subfield code="w">(RERO)0000217-41slsp</subfield></datafield><datafield ind1=" " ind2=" " tag="900"><subfield code="a">REROnoselfmerge</subfield></datafield></record>
</metadata></record>