<record><header><identifier>oai:alma.41SLSP_UGE:991000102059705502</identifier><datestamp>2023-03-01T01:10:20Z</datestamp><setSpec>uge_bcen_RapidILL_BOOK</setSpec><setSpec>uge_aaca_RapidILL_BOOK</setSpec><setSpec>uge_abels_RapidILL_BOOK</setSpec><setSpec>uge_dbu_RapidILL_BOOK</setSpec><setSpec>uge_cmu_RapidILL_BOOK</setSpec><setSpec>uge_mail_RapidILL_BOOK</setSpec><setSpec>UNIGE_ALL</setSpec><setSpec>uge_abbat_RapidILL_BOOK</setSpec><setSpec>uge_aobs_RapidILL_BOOK</setSpec><setSpec>uge_acar_RapidILL_BOOK</setSpec></header><metadata>
<record xmlns="http://www.loc.gov/MARC21/slim" xmlns:xsi="http://www.w3.org/2001/XMLSchema-instance" xsi:schemaLocation="http://www.loc.gov/MARC21/slim http://www.loc.gov/standards/marcxml/schema/MARC21slim.xsd"><leader>01633nam a2200433 c 4500</leader><controlfield tag="001">991000102059705502</controlfield><controlfield tag="005">20201231102839.0</controlfield><controlfield tag="008">201012t19841984gw ||||| |||| 00| ||ger d</controlfield><datafield ind1=" " ind2=" " tag="020"><subfield code="a">3499178621</subfield></datafield><datafield ind1=" " ind2=" " tag="035"><subfield code="a">(swissbib)236902040-41slsp_network</subfield></datafield><datafield ind1=" " ind2=" " tag="035"><subfield code="a">236902040</subfield><subfield code="9">ExL</subfield></datafield><datafield ind1=" " ind2=" " tag="035"><subfield code="a">(RERO)0778140-41slsp</subfield></datafield><datafield ind1=" " ind2=" " tag="035"><subfield code="a">(NEBIS)003228779EBI01</subfield></datafield><datafield ind1=" " ind2=" " tag="035"><subfield code="a">(EXLNZ-41SLSP_NETWORK)991061317559705501</subfield></datafield><datafield ind1=" " ind2=" " tag="040"><subfield code="a">RERO geudbu</subfield><subfield code="d">CH-ZuSLS</subfield></datafield><datafield ind1=" " ind2="7" tag="072"><subfield code="a">ph</subfield><subfield code="2">rero</subfield></datafield><datafield ind1=" " ind2="7" tag="072"><subfield code="a">ur</subfield><subfield code="2">rero</subfield></datafield><datafield ind1="0" ind2="4" tag="082"><subfield code="a">113</subfield><subfield code="b">B612</subfield></datafield><datafield ind1="0" ind2="0" tag="245"><subfield code="a">&quot;Bin so ausgeworfen aus dem Garten der Natur&quot;</subfield><subfield code="b">Texte und Bilder zur Geschichte einer Sehnsucht</subfield><subfield code="c">Christa Hackenesch (Hg.) ; mit einem Gespräch mit Carl Friedrich von Weizsäcker</subfield></datafield><datafield ind1=" " ind2=" " tag="250"><subfield code="a">[Originalausgabe]</subfield></datafield><datafield ind1=" " ind2="1" tag="264"><subfield code="a">Reinbek bei Hamburg</subfield><subfield code="b">Rowohlt</subfield><subfield code="c">[1984]</subfield></datafield><datafield ind1=" " ind2="4" tag="264"><subfield code="c">© 1984</subfield></datafield><datafield ind1=" " ind2=" " tag="300"><subfield code="a">316 p.</subfield><subfield code="b">ill.</subfield><subfield code="c">19 cm</subfield></datafield><datafield ind1=" " ind2=" " tag="336"><subfield code="b">txt</subfield><subfield code="2">rdacontent</subfield></datafield><datafield ind1=" " ind2=" " tag="337"><subfield code="b">n</subfield><subfield code="2">rdamedia</subfield></datafield><datafield ind1=" " ind2=" " tag="338"><subfield code="b">nc</subfield><subfield code="2">rdacarrier</subfield></datafield><datafield ind1="1" ind2=" " tag="490"><subfield code="a">Rororo</subfield><subfield code="v">7862. Sachbuch. Kulturen und Ideen</subfield></datafield><datafield ind1="1" ind2="0" tag="600"><subfield code="a">Weizsäcker, Carl Friedrich</subfield><subfield code="c">Freiherr von</subfield><subfield code="d">1912-2007</subfield><subfield code="v">Interviews</subfield></datafield><datafield ind1=" " ind2="7" tag="648"><subfield code="a">Geschichte 1600-1850</subfield><subfield code="2">gnd</subfield></datafield><datafield ind1=" " ind2="7" tag="650"><subfield code="a">Natur</subfield><subfield code="0">(DE-588)4041358-5</subfield><subfield code="2">gnd</subfield></datafield><datafield ind1=" " ind2="7" tag="650"><subfield code="a">Naturphilosophie</subfield><subfield code="0">(DE-588)4041408-5</subfield><subfield code="2">gnd</subfield></datafield><datafield ind1=" " ind2="0" tag="650"><subfield code="a">Philosophy of nature</subfield></datafield><datafield ind1=" " ind2="7" tag="655"><subfield code="a">Quelle</subfield><subfield code="2">gnd-content</subfield></datafield><datafield ind1=" " ind2=" " tag="690"><subfield code="a">Naturphilosophie / 1980- ersch.</subfield><subfield code="2">uzb-Z9</subfield></datafield><datafield ind1="1" ind2=" " tag="700"><subfield code="a">Hackenesch, Christa</subfield><subfield code="d">1953-2008</subfield><subfield code="0">(IDREF)058457887</subfield></datafield><datafield ind1="1" ind2=" " tag="700"><subfield code="a">Weizsäcker, Carl Friedrich &lt;&lt;von&gt;&gt;</subfield><subfield code="d">1912-2007</subfield><subfield code="0">(DE-588)118630717</subfield><subfield code="6">880-03</subfield></datafield><datafield ind1="1" ind2=" " tag="880"><subfield code="6">700-03</subfield><subfield code="a">Weizsäcker, Carl Friedrich von</subfield><subfield code="d">1912-2007</subfield><subfield code="0">(IDREF)027195058</subfield></datafield><datafield ind1=" " ind2=" " tag="830"><subfield code="a">Rororo</subfield><subfield code="v">7862</subfield><subfield code="w">(RERO)0338207-41slsp</subfield></datafield><datafield ind1=" " ind2=" " tag="900"><subfield code="a">REROnoselfmerge</subfield></datafield><datafield ind1=" " ind2=" " tag="900"><subfield code="a">IDSZRMedeaZBZ</subfield></datafield></record>
</metadata></record>