<record><header><identifier>oai:alma.41SLSP_UGE:991000102699705502</identifier><datestamp>2024-04-11T00:20:18Z</datestamp><setSpec>uge_bcen_RapidILL_BOOK</setSpec><setSpec>uge_aaca_RapidILL_BOOK</setSpec><setSpec>uge_abels_RapidILL_BOOK</setSpec><setSpec>uge_dbu_RapidILL_BOOK</setSpec><setSpec>uge_cmu_RapidILL_BOOK</setSpec><setSpec>uge_mail_RapidILL_BOOK</setSpec><setSpec>uge_abbat_RapidILL_BOOK</setSpec><setSpec>UNIGE_ALL</setSpec><setSpec>uge_aobs_RapidILL_BOOK</setSpec><setSpec>uge_acar_RapidILL_BOOK</setSpec></header><metadata>
<record xmlns="http://www.loc.gov/MARC21/slim" xmlns:xsi="http://www.w3.org/2001/XMLSchema-instance" xsi:schemaLocation="http://www.loc.gov/MARC21/slim http://www.loc.gov/standards/marcxml/schema/MARC21slim.xsd"><leader>07763nam a2201069 c 4500</leader><controlfield tag="001">991000102699705502</controlfield><controlfield tag="005">20240410141220.0</controlfield><controlfield tag="008">201011s2016    sz |||||      10| ||ger d</controlfield><datafield ind1=" " ind2=" " tag="019"><subfield code="a">Notices analytiques</subfield><subfield code="5">RERO/geubfd/08.2016</subfield></datafield><datafield ind1=" " ind2=" " tag="020"><subfield code="z">9783035413656</subfield><subfield code="q">Judocu</subfield></datafield><datafield ind1=" " ind2=" " tag="020"><subfield code="z">9783727259609</subfield><subfield code="q">E-Book</subfield></datafield><datafield ind1=" " ind2=" " tag="020"><subfield code="a">9783727232251</subfield><subfield code="q">Print</subfield><subfield code="c">Fr. 44.00</subfield></datafield><datafield ind1=" " ind2=" " tag="035"><subfield code="a">(swissbib)226772012-41slsp_network</subfield></datafield><datafield ind1=" " ind2=" " tag="035"><subfield code="a">226772012</subfield><subfield code="9">ExL</subfield></datafield><datafield ind1=" " ind2=" " tag="035"><subfield code="a">(IDSLU)001253540ILU01</subfield></datafield><datafield ind1=" " ind2=" " tag="035"><subfield code="a">(NEBIS)010686773EBI01</subfield></datafield><datafield ind1=" " ind2=" " tag="035"><subfield code="a">(IDSBB)006612030DSV01</subfield></datafield><datafield ind1=" " ind2=" " tag="035"><subfield code="a">(RERO)R008483339-41slsp</subfield></datafield><datafield ind1=" " ind2=" " tag="035"><subfield code="a">(IDSSG)000869201HSB01</subfield></datafield><datafield ind1=" " ind2=" " tag="035"><subfield code="a">(ALEX)bv9925887704901791</subfield></datafield><datafield ind1=" " ind2=" " tag="035"><subfield code="a">(EXLNZ-41SLSP_NETWORK)991024387129705501</subfield></datafield><datafield ind1=" " ind2=" " tag="040"><subfield code="a">SzZuIDS NEBIS</subfield><subfield code="b">ger</subfield><subfield code="e">rda</subfield><subfield code="d">CH-ZuSLS</subfield></datafield><datafield ind1="0" ind2=" " tag="041"><subfield code="a">ger</subfield><subfield code="a">fre</subfield></datafield><datafield ind1=" " ind2=" " tag="044"><subfield code="a">sz</subfield><subfield code="c">ch-be</subfield></datafield><datafield ind1=" " ind2="7" tag="072"><subfield code="a">807</subfield><subfield code="2">IDS LU</subfield></datafield><datafield ind1=" " ind2="7" tag="072"><subfield code="a">830</subfield><subfield code="2">IDS LU</subfield></datafield><datafield ind1=" " ind2="7" tag="072"><subfield code="a">rw</subfield><subfield code="2">SzZuIDS BS/BE</subfield></datafield><datafield ind1=" " ind2="7" tag="072"><subfield code="a">dr</subfield><subfield code="2">rero</subfield></datafield><datafield ind1="0" ind2="4" tag="082"><subfield code="a">345.4940773</subfield><subfield code="2">22/ger</subfield></datafield><datafield ind1="1" ind2="4" tag="082"><subfield code="a">340</subfield><subfield code="2">15</subfield></datafield><datafield ind1=" " ind2=" " tag="084"><subfield code="a">340</subfield><subfield code="2">sdnb</subfield></datafield><datafield ind1=" " ind2=" " tag="084"><subfield code="a">360</subfield><subfield code="2">sdnb</subfield></datafield><datafield ind1=" " ind2=" " tag="084"><subfield code="a">PH 6115</subfield><subfield code="2">rvk</subfield></datafield><datafield ind1=" " ind2=" " tag="084"><subfield code="a">CA/CH 88 e</subfield><subfield code="2">cjurrom</subfield></datafield><datafield ind1=" " ind2=" " tag="084"><subfield code="a">A 12 e</subfield><subfield code="2">cjurrom</subfield></datafield><datafield ind1=" " ind2=" " tag="084"><subfield code="a">CA/CH 91 e</subfield><subfield code="2">cjurrom</subfield></datafield><datafield ind1="2" ind2=" " tag="111"><subfield code="a">Tagung Strafen ohne Augenmass - Strafrecht im Spannungsfeld zwischen Einzelfallwürdigung, Opferschutz und Nulltoleranz</subfield><subfield code="d">2015</subfield><subfield code="c">Zürich</subfield><subfield code="0">(DE-588)1111813175</subfield></datafield><datafield ind1="1" ind2="0" tag="245"><subfield code="a">Strafen ohne Augenmass</subfield><subfield code="b">Strafrecht im Spannungsfeld zwischen Einzelfallwürdigung, Opferschutz und Nulltoleranz : le droit pénal entre devoir d'individualisation, protection des victimes et tolérance zéro</subfield><subfield code="c">herausgegeben von / edité par Franz Riklin = Punition sans concession</subfield></datafield><datafield ind1="1" ind2=" " tag="246"><subfield code="a">Punition sans concession</subfield><subfield code="b">le droit pénal entre devoir d'individualisation, protection des victimes et tolérance zéro</subfield></datafield><datafield ind1="1" ind2="1" tag="246"><subfield code="a">Punition sans concession</subfield></datafield><datafield ind1=" " ind2="1" tag="264"><subfield code="a">Bern</subfield><subfield code="b">Stämpfli Verlag</subfield><subfield code="c">[2016]</subfield></datafield><datafield ind1=" " ind2=" " tag="300"><subfield code="a">99 Seiten</subfield><subfield code="b">Illustrationen</subfield></datafield><datafield ind1=" " ind2=" " tag="336"><subfield code="b">txt</subfield><subfield code="2">rdacontent</subfield></datafield><datafield ind1=" " ind2=" " tag="337"><subfield code="b">n</subfield><subfield code="2">rdamedia</subfield></datafield><datafield ind1=" " ind2=" " tag="338"><subfield code="b">nc</subfield><subfield code="2">rdacarrier</subfield></datafield><datafield ind1="1" ind2=" " tag="490"><subfield code="a">Materialien der &quot;Fachgruppe Reform im Strafwesen&quot;</subfield><subfield code="v">Band 9</subfield></datafield><datafield ind1=" " ind2=" " tag="500"><subfield code="a">&quot;Die Tagung vom 10./11. September 2015 befasste sich mit dem Thema: 'Strafen ohne Augenmass -Strafrecht im Spannungsfeld zwischen Einzelfallwürdigung, Opferschutz und Nulltoleranz'</subfield></datafield><datafield ind1=" " ind2=" " tag="500"><subfield code="a">Tagung vom 10./11. September in Zürich</subfield></datafield><datafield ind1=" " ind2=" " tag="500"><subfield code="a">Conférence annuelle du Groupe d'experts Réformes en matière pénale tenue les 10 et 11 septembre 2015 à Zurich</subfield></datafield><datafield ind1=" " ind2=" " tag="500"><subfield code="a">Beiträge in Deutsch und in Französisch</subfield></datafield><datafield ind1=" " ind2=" " tag="500"><subfield code="a">Tagung im September 2015 in Zürich</subfield></datafield><datafield ind1=" " ind2=" " tag="546"><subfield code="a">Beiträge deutsch oder französisch</subfield></datafield><datafield ind1=" " ind2="7" tag="650"><subfield code="a">Strafvollzugsrecht</subfield><subfield code="0">(DE-588)4124260-9</subfield><subfield code="2">gnd</subfield></datafield><datafield ind1=" " ind2="7" tag="650"><subfield code="a">Strafurteil</subfield><subfield code="0">(DE-588)4077939-7</subfield><subfield code="2">gnd</subfield></datafield><datafield ind1=" " ind2="7" tag="650"><subfield code="a">Droit pénal</subfield><subfield code="0">(IDREF)027466892</subfield><subfield code="2">idref</subfield></datafield><datafield ind1=" " ind2="7" tag="650"><subfield code="a">Sentences (procédure pénale)</subfield><subfield code="0">(IDREF)028707710</subfield><subfield code="2">idref</subfield></datafield><datafield ind1=" " ind2="7" tag="650"><subfield code="a">Proportionnalité des délits et des peines</subfield><subfield code="0">(IDREF)127595147</subfield><subfield code="2">idref</subfield></datafield><datafield ind1=" " ind2="7" tag="650"><subfield code="a">Politique criminelle</subfield><subfield code="0">(IDREF)031307337</subfield><subfield code="2">idref</subfield></datafield><datafield ind1=" " ind2="7" tag="650"><subfield code="a">Dangerosité</subfield><subfield code="0">(IDREF)027807649</subfield><subfield code="2">idref</subfield></datafield><datafield ind1=" " ind2="7" tag="650"><subfield code="a">Victimes</subfield><subfield code="x">Protection, assistance, etc</subfield><subfield code="0">(IDREF)050705830</subfield><subfield code="2">idref</subfield></datafield><datafield ind1=" " ind2="7" tag="650"><subfield code="a">Gestion du risque</subfield><subfield code="0">(IDREF)02774230X</subfield><subfield code="2">idref</subfield></datafield><datafield ind1=" " ind2="7" tag="650"><subfield code="a">Strafe</subfield><subfield code="9">ger</subfield><subfield code="0">(RERO)jurivoc000021740ger</subfield><subfield code="2">jurivoc</subfield></datafield><datafield ind1=" " ind2="7" tag="650"><subfield code="a">Einzelfallweise</subfield><subfield code="9">ger</subfield><subfield code="0">(RERO)jurivoc000006664ger</subfield><subfield code="2">jurivoc</subfield></datafield><datafield ind1=" " ind2="7" tag="650"><subfield code="a">Duldung</subfield><subfield code="9">ger</subfield><subfield code="0">(RERO)jurivoc000005941ger</subfield><subfield code="2">jurivoc</subfield></datafield><datafield ind1=" " ind2="7" tag="650"><subfield code="a">Opfer</subfield><subfield code="9">ger</subfield><subfield code="0">(RERO)jurivoc000016537ger</subfield><subfield code="2">jurivoc</subfield></datafield><datafield ind1=" " ind2="7" tag="650"><subfield code="a">Strafrecht</subfield><subfield code="0">(DE-588)4057795-8</subfield><subfield code="2">gnd</subfield></datafield><datafield ind1=" " ind2="7" tag="650"><subfield code="a">Opferschutz</subfield><subfield code="0">(DE-588)4315073-1</subfield><subfield code="2">gnd</subfield></datafield><datafield ind1=" " ind2="7" tag="650"><subfield code="a">Strafzumessung</subfield><subfield code="0">(DE-588)4057812-4</subfield><subfield code="2">gnd</subfield></datafield><datafield ind1=" " ind2="7" tag="651"><subfield code="a">Schweiz</subfield><subfield code="9">ger</subfield><subfield code="0">(RERO)jurivoc000019912ger</subfield><subfield code="2">jurivoc</subfield></datafield><datafield ind1=" " ind2="7" tag="651"><subfield code="a">Schweiz</subfield><subfield code="0">(DE-588)4053881-3</subfield><subfield code="2">gnd</subfield></datafield><datafield ind1=" " ind2="7" tag="655"><subfield code="a">Actes de congrès</subfield><subfield code="0">(IDREF)02886431X</subfield><subfield code="2">idref</subfield></datafield><datafield ind1=" " ind2="7" tag="655"><subfield code="a">Konferenzschrift</subfield><subfield code="z">Zürich</subfield><subfield code="y">2015</subfield><subfield code="2">gnd-content</subfield></datafield><datafield ind1=" " ind2=" " tag="690"><subfield code="a">Et; Strafrecht; Justiz; Strafvollzug; Bern; Canton; Konkordat; Sanktion; Schutz; En; Hochschule; Opfer; Führungskräfte; Risiko; Basel; Belegung; Betreuung; Haftfestigkeit; Lausanne; Meinung; Theorie; Verantwortung; Krankenhaus; Maß; Office; Praxis; Abteilung; Reform; Freiheitsstrafe; Chef; Doyen; Geneve; Graf; Textilberuf; Bundesgericht; Spannung</subfield><subfield code="2">idssg-J</subfield></datafield><datafield ind1=" " ind2=" " tag="690"><subfield code="a">Opferschutz; Risikovollzug; Augenmaß; Einzelfallwürdigung; Kausalhaftung; Oberbelegung; Risikobeurteilung; Strafvollzugskonkordat; Strafvollzugsrecht; Sicherheitsdirektor; Bildungsbereich; Fachgruppe; Gefährlichkeitsprognostik; InnerSchweiz; Kapazitätsmonitoring; Militärdirektion; Nordwesten; Nullrisikopolitik; Nulltoleranz; Oberholzer; Personnelle; Projektleiter; Spannungsfeld; Strafwesen; Therapieplatz; Vollzugsbehörde</subfield><subfield code="2">idssg-J</subfield></datafield><datafield ind1=" " ind2=" " tag="690"><subfield code="a">aktueller Vorstoß; allfällige Kausalhaftung; duhn Responsabilite; eventuell Responsabilite; früher Sicherheitsdirektor; gerichtliches Ermessen; persönliche Kausalhaftung; politischer Vorstoß; psychiatrische Klinik; schweizer Gefängnis; schweizer Strafanstalt; unterschiedliche Methode</subfield><subfield code="2">idssg-J</subfield></datafield><datafield ind1=" " ind2=" " tag="690"><subfield code="a">Schweiz C4EXSI; Deutschland C4EUGE; China C9CHIN; Frankreich C4EUFR</subfield><subfield code="2">idssg-J</subfield></datafield><datafield ind1=" " ind2=" " tag="690"><subfield code="a">Alberto Bondolfi professeur honoraire; Autorites dexecution et implications; Bern Nullrisikopolitik Möglichkeit; Betreuung Polizeiund Militärdirektion; Bondolfi professeur honoraire; Christian Roten docteuren droit; Citoyennes Sur quelques contradictions; Devoir dindividualisation protection; Dr. Alberto Bondolfi professeur honoraire; Dr.h.c. Hanspeter Uster; Dr.iur. Nikiaus Oberholzer Bundesgericht Lausanne; Droit penal entre devoir; Expertises psychiatriques par lautorite; Franz Riklin Stämpfli; Geneve Appreciation; Groupe dexperts Reformes en; InnerSchweiz Fachgruppe Kapazitätsmonitoring Freiheitsentzug; Le droit pénal entre; Leiterin Risikovollzug Abteilung; Marc Graf Direktor Forensische Psychiatrische Klinik; Nulltoleranz Punition sans concession Le droit penal entre devoir; Nulltoleranz le droit pénal entre devoir dindividualisation protection; Office dexecution; Peter Fäh; Prof. Dr.iur. Jonas Weber Universität Bern; Prof. Dr.med.; Punition sans concession Le; Roten docteuren droit; Solothum Punir etou proteger; Tanja Zangger Stv; Un usage immodere; Valais Sion Verantwortung; Vera Riberti Adjointe; Victimes et tolerance; Victimes et tolérance zéro</subfield><subfield code="2">idssg-J</subfield></datafield><datafield ind1=" " ind2=" " tag="691"><subfield code="e">PC 90.8 CH</subfield><subfield code="2">rzs-L1</subfield></datafield><datafield ind1=" " ind2=" " tag="691"><subfield code="e">PC 91 CH</subfield><subfield code="2">rzs-L1</subfield></datafield><datafield ind1="1" ind2=" " tag="700"><subfield code="a">Riklin, Franz</subfield><subfield code="d">1941-2022</subfield><subfield code="0">(DE-588)133832422</subfield><subfield code="4">edt</subfield><subfield code="6">880-02</subfield></datafield><datafield ind1="1" ind2=" " tag="880"><subfield code="6">700-02</subfield><subfield code="a">Riklin, Franz</subfield><subfield code="d">1941-....</subfield><subfield code="0">(IDREF)030409799</subfield></datafield><datafield ind1="2" ind2=" " tag="710"><subfield code="a">Caritas (Suisse)</subfield><subfield code="b">Groupe &quot;Réforme du droit pénal&quot;</subfield><subfield code="b">Tagung</subfield><subfield code="d">2015</subfield><subfield code="c">Zürich</subfield><subfield code="0">(RERO)A026564212</subfield></datafield><datafield ind1="2" ind2=" " tag="711"><subfield code="a">Tagung der Fachgruppe &quot;Reform im Strafwesen&quot; mit dem Thema &quot;Strafen ohne Augenmass – Strafrecht im Spannungsfeld zwischen Einzelfallwürdigung, Opferschutz und Nulltoleranz“</subfield><subfield code="d">2015</subfield><subfield code="c">Zürich</subfield><subfield code="0">(DE-588)1126510343</subfield></datafield><datafield ind1="2" ind2=" " tag="711"><subfield code="a">Tagung &quot;Reform im Strafwesen&quot;</subfield><subfield code="c">Zürich</subfield><subfield code="d">2015</subfield></datafield><datafield ind1="2" ind2=" " tag="810"><subfield code="a">Fachgruppe Reform im Strafwesen</subfield><subfield code="t">Materialien der &quot;Fachgruppe Reform im Strafwesen&quot;</subfield><subfield code="v">9</subfield><subfield code="w">(NEBIS)010703733EBI01</subfield></datafield><datafield ind1=" " ind2="0" tag="830"><subfield code="a">Materialien der &quot;Fachgruppe Reform im Strafwesen&quot; der Caritas Schweiz</subfield><subfield code="v">9</subfield><subfield code="w">(IDSLU)000925637ILU01</subfield></datafield><datafield ind1=" " ind2="0" tag="830"><subfield code="a">Materialien der &quot;Fachgruppe Reform im Strafwesen&quot; der Caritas Schweiz</subfield><subfield code="v">9</subfield><subfield code="w">(RERO)R005664020-41slsp</subfield></datafield><datafield ind1="4" ind2=" " tag="856"><subfield code="3">Titelblatt und Inhaltsverzeichnis</subfield><subfield code="u">https://toc.library.ethz.ch/objects/pdf03/z16_978-3-7272-3225-1_01.pdf</subfield><subfield code="q">pdf</subfield></datafield><datafield ind1=" " ind2=" " tag="900"><subfield code="a">IDSE5E50ANH-2016</subfield></datafield><datafield ind1=" " ind2=" " tag="900"><subfield code="a">IDSZ2zbzmon201611l</subfield><subfield code="c">IDSZ2rusc</subfield><subfield code="d">IDSZ2zbzswk201701g</subfield><subfield code="e">IDSZ2bruu</subfield></datafield><datafield ind1=" " ind2=" " tag="900"><subfield code="a">IDSZ2rwimon201608</subfield><subfield code="c">IDSZ2rosi 160802</subfield><subfield code="d">IDSZ2rwiswk201608b</subfield><subfield code="e">IDSZ2cont</subfield></datafield><datafield ind1=" " ind2=" " tag="900"><subfield code="a">Stoppsignal FRED</subfield><subfield code="e">IDSDS2016.09.05/A208/gd</subfield></datafield><datafield ind1=" " ind2=" " tag="949"><subfield code="a">https://toc.library.ethz.ch/objects/pdf03/z16_978-3-7272-3225-1_01.pdf</subfield></datafield></record>
</metadata></record>