<record><header><identifier>oai:alma.41SLSP_UGE:991000102279705502</identifier><datestamp>2023-03-01T01:10:20Z</datestamp><setSpec>uge_bcen_RapidILL_BOOK</setSpec><setSpec>uge_aaca_RapidILL_BOOK</setSpec><setSpec>uge_abels_RapidILL_BOOK</setSpec><setSpec>uge_dbu_RapidILL_BOOK</setSpec><setSpec>uge_cmu_RapidILL_BOOK</setSpec><setSpec>uge_mail_RapidILL_BOOK</setSpec><setSpec>UNIGE_ALL</setSpec><setSpec>uge_abbat_RapidILL_BOOK</setSpec><setSpec>uge_acar_RapidILL_BOOK</setSpec><setSpec>uge_aobs_RapidILL_BOOK</setSpec></header><metadata>
<record xmlns="http://www.loc.gov/MARC21/slim" xmlns:xsi="http://www.w3.org/2001/XMLSchema-instance" xsi:schemaLocation="http://www.loc.gov/MARC21/slim http://www.loc.gov/standards/marcxml/schema/MARC21slim.xsd"><leader>02084nam a2200493 c 4500</leader><controlfield tag="001">991000102279705502</controlfield><controlfield tag="005">20230116155942.0</controlfield><controlfield tag="008">201012s2005    ne            00| | lat d</controlfield><datafield ind1=" " ind2=" " tag="020"><subfield code="a">9004111174</subfield></datafield><datafield ind1="7" ind2=" " tag="024"><subfield code="a">http://catalogue.bnf.fr/ark:/12148/cb40009473z</subfield><subfield code="2">uri</subfield></datafield><datafield ind1=" " ind2=" " tag="035"><subfield code="a">(swissbib)241406102-41slsp_network</subfield></datafield><datafield ind1=" " ind2=" " tag="035"><subfield code="a">241406102</subfield><subfield code="9">ExL</subfield></datafield><datafield ind1=" " ind2=" " tag="035"><subfield code="a">(IDSBB)003656046DSV01</subfield></datafield><datafield ind1=" " ind2=" " tag="035"><subfield code="a">(NEBIS)009180614EBI01</subfield></datafield><datafield ind1=" " ind2=" " tag="035"><subfield code="a">(RERO)R003873305-41slsp</subfield></datafield><datafield ind1=" " ind2=" " tag="035"><subfield code="a">(EXLNZ-41SLSP_NETWORK)991043872619705501</subfield></datafield><datafield ind1=" " ind2=" " tag="040"><subfield code="a">SzZuIDS BS/BE B400</subfield><subfield code="b">ger</subfield><subfield code="e">kids</subfield><subfield code="d">CH-ZuSLS</subfield></datafield><datafield ind1="0" ind2=" " tag="041"><subfield code="a">lat</subfield><subfield code="a">eng</subfield></datafield><datafield ind1=" " ind2="7" tag="072"><subfield code="a">ph</subfield><subfield code="2">SzZuIDS BS/BE</subfield></datafield><datafield ind1=" " ind2="7" tag="072"><subfield code="a">ph</subfield><subfield code="2">rero</subfield></datafield><datafield ind1="7" ind2="4" tag="082"><subfield code="a">100</subfield><subfield code="2">23sdnb</subfield></datafield><datafield ind1=" " ind2=" " tag="084"><subfield code="a">CE 1095</subfield><subfield code="2">rvk</subfield></datafield><datafield ind1="0" ind2=" " tag="100"><subfield code="6">880-01</subfield><subfield code="a">Gerardus</subfield><subfield code="c">Antiochien, Patriarch</subfield><subfield code="d">1285-1349</subfield><subfield code="0">(DE-588)102472890</subfield></datafield><datafield ind1="0" ind2=" " tag="880"><subfield code="6">100-01</subfield><subfield code="a">Gerardus</subfield><subfield code="c">Odonis</subfield><subfield code="0">(RERO)A003289483</subfield><subfield code="4">cre</subfield></datafield><datafield ind1="1" ind2="0" tag="240"><subfield code="a">De intentionibus</subfield></datafield><datafield ind1="1" ind2="0" tag="245"><subfield code="a">De intentionibus</subfield><subfield code="c">Giraldus Odonis O.F.M. ; critical ed. with a study on the medieval intentionality debate up to ca. 1350 by L.M. de Rijk</subfield></datafield><datafield ind1=" " ind2="1" tag="264"><subfield code="a">Leiden</subfield><subfield code="b">Brill</subfield><subfield code="c">2005</subfield></datafield><datafield ind1=" " ind2=" " tag="300"><subfield code="a">XI, 894 p.</subfield><subfield code="c">25 cm</subfield></datafield><datafield ind1=" " ind2=" " tag="336"><subfield code="b">txt</subfield><subfield code="2">rdacontent</subfield></datafield><datafield ind1=" " ind2=" " tag="337"><subfield code="b">n</subfield><subfield code="2">rdamedia</subfield></datafield><datafield ind1=" " ind2=" " tag="338"><subfield code="b">nc</subfield><subfield code="2">rdacarrier</subfield></datafield><datafield ind1="1" ind2=" " tag="490"><subfield code="a">Opera philosophica / Giraldus Odonis</subfield><subfield code="v">Vol. 2</subfield></datafield><datafield ind1="1" ind2=" " tag="490"><subfield code="a">Studien und Texte zur Geistesgeschichte des Mittelalters</subfield><subfield code="v">Bd. 86</subfield></datafield><datafield ind1=" " ind2=" " tag="500"><subfield code="a">Enth. lat. Originaltext und engl. Studie</subfield></datafield><datafield ind1=" " ind2="7" tag="648"><subfield code="a">Geschichte 1260-1350</subfield><subfield code="2">gnd</subfield></datafield><datafield ind1=" " ind2="7" tag="650"><subfield code="a">Philosophie</subfield><subfield code="0">(DE-588)4045791-6</subfield><subfield code="2">gnd</subfield></datafield><datafield ind1=" " ind2="7" tag="650"><subfield code="a">Intentionalität</subfield><subfield code="0">(DE-588)4027264-3</subfield><subfield code="2">gnd</subfield></datafield><datafield ind1="1" ind2="2" tag="700"><subfield code="a">Rijk, Lambert Marie &lt;&lt;de&gt;&gt;</subfield><subfield code="d">1924-</subfield><subfield code="t">&lt;&lt;A&gt;&gt; study on the medieval intentionality debate up to ca. 1350</subfield></datafield><datafield ind1="1" ind2=" " tag="700"><subfield code="a">Rijk, Lambert Marie &lt;&lt;de&gt;&gt;</subfield><subfield code="d">1924-2012</subfield><subfield code="0">(DE-588)115858555</subfield></datafield><datafield ind1="4" ind2=" " tag="856"><subfield code="3">Inhaltsverzeichnis</subfield><subfield code="u">http://www.ub.unibas.ch/tox/HBZ/HT014429605/PDF</subfield><subfield code="q">pdf</subfield></datafield><datafield ind1="0" ind2=" " tag="800"><subfield code="a">Gerardus</subfield><subfield code="c">Odonis</subfield><subfield code="t">Opera philosophica</subfield><subfield code="v">2</subfield></datafield><datafield ind1=" " ind2=" " tag="830"><subfield code="a">Studien und Texte zur Geistesgeschichte des Mittelalters</subfield><subfield code="v">86</subfield><subfield code="w">(IDSBB)000053528DSV01</subfield></datafield><datafield ind1="0" ind2=" " tag="800"><subfield code="a">Gerardus</subfield><subfield code="c">Odonis</subfield><subfield code="d">1285-1349</subfield><subfield code="t">Werke</subfield><subfield code="v">2</subfield><subfield code="w">(NEBIS)001858706EBI01</subfield></datafield><datafield ind1=" " ind2=" " tag="900"><subfield code="a">REROnoselfmerge</subfield></datafield><datafield ind1=" " ind2=" " tag="949"><subfield code="a">http://www.ub.unibas.ch/tox/HBZ/HT014429605/PDF</subfield></datafield></record>
</metadata></record>