<record><header><identifier>oai:alma.41SLSP_UGE:991000101759705502</identifier><datestamp>2023-03-01T01:10:20Z</datestamp><setSpec>uge_bcen_RapidILL_BOOK</setSpec><setSpec>uge_aaca_RapidILL_BOOK</setSpec><setSpec>uge_abels_RapidILL_BOOK</setSpec><setSpec>uge_dbu_RapidILL_BOOK</setSpec><setSpec>uge_cmu_RapidILL_BOOK</setSpec><setSpec>uge_mail_RapidILL_BOOK</setSpec><setSpec>UNIGE_ALL</setSpec><setSpec>uge_abbat_RapidILL_BOOK</setSpec><setSpec>uge_aobs_RapidILL_BOOK</setSpec><setSpec>uge_acar_RapidILL_BOOK</setSpec></header><metadata>
<record xmlns="http://www.loc.gov/MARC21/slim" xmlns:xsi="http://www.w3.org/2001/XMLSchema-instance" xsi:schemaLocation="http://www.loc.gov/MARC21/slim http://www.loc.gov/standards/marcxml/schema/MARC21slim.xsd"><leader>02217nam a2200469 c 4500</leader><controlfield tag="001">991000101759705502</controlfield><controlfield tag="005">20230208200909.0</controlfield><controlfield tag="008">201012t19981998gw ||||| |||| 10| ||eng d</controlfield><datafield ind1=" " ind2=" " tag="020"><subfield code="a">3540645705</subfield></datafield><datafield ind1=" " ind2=" " tag="035"><subfield code="a">(swissbib)239478460-41slsp_network</subfield></datafield><datafield ind1=" " ind2=" " tag="035"><subfield code="a">239478460</subfield><subfield code="9">ExL</subfield></datafield><datafield ind1=" " ind2=" " tag="035"><subfield code="a">(RERO)R232292760-41slsp</subfield></datafield><datafield ind1=" " ind2=" " tag="035"><subfield code="a">(NEBIS)001917118EBI01</subfield></datafield><datafield ind1=" " ind2=" " tag="035"><subfield code="a">(EXLNZ-41SLSP_NETWORK)991140510889705501</subfield></datafield><datafield ind1=" " ind2=" " tag="040"><subfield code="a">RERO geucui</subfield><subfield code="d">CH-ZuSLS</subfield></datafield><datafield ind1=" " ind2="7" tag="072"><subfield code="a">in</subfield><subfield code="2">rero</subfield></datafield><datafield ind1="0" ind2="0" tag="245"><subfield code="a">Computer science logic</subfield><subfield code="b">11th international workshop, CSL'97, annual conference of the EACSL, Aarhus, Denmark, August 23-29, 1997 : selected papers</subfield><subfield code="c">Mogens Nielsen, Wolfgang Thomas, (eds.)</subfield></datafield><datafield ind1="1" ind2=" " tag="246"><subfield code="a">CSL'97</subfield></datafield><datafield ind1="1" ind2=" " tag="246"><subfield code="a">CSL '97</subfield></datafield><datafield ind1=" " ind2="1" tag="264"><subfield code="a">Berlin [etc.]</subfield><subfield code="b">Springer</subfield><subfield code="c">[1998]</subfield></datafield><datafield ind1=" " ind2="4" tag="264"><subfield code="c">©1998</subfield></datafield><datafield ind1=" " ind2=" " tag="300"><subfield code="a">VIII, 509 p.</subfield><subfield code="b">fig.</subfield><subfield code="c">24 cm</subfield></datafield><datafield ind1=" " ind2=" " tag="336"><subfield code="b">txt</subfield><subfield code="2">rdacontent</subfield></datafield><datafield ind1=" " ind2=" " tag="337"><subfield code="b">n</subfield><subfield code="2">rdamedia</subfield></datafield><datafield ind1=" " ind2=" " tag="338"><subfield code="b">nc</subfield><subfield code="2">rdacarrier</subfield></datafield><datafield ind1="1" ind2=" " tag="490"><subfield code="a">Lecture notes in computer science</subfield><subfield code="v">1414</subfield></datafield><datafield ind1=" " ind2=" " tag="500"><subfield code="a">Variante du titre: CSL'97</subfield></datafield><datafield ind1=" " ind2=" " tag="500"><subfield code="a">Rückentitel: CSL '97</subfield></datafield><datafield ind1=" " ind2=" " tag="500"><subfield code="a">&quot;CSL '97 was the 11th in a series of workshops and the 6th to be held as the Annual Conference of the EACSL&quot;. - Anlassname auch: Annual Conference of the European Association for Computer Science Logic</subfield></datafield><datafield ind1=" " ind2="7" tag="650"><subfield code="a">Informatique</subfield><subfield code="0">(IDREF)027234886</subfield><subfield code="2">idref</subfield></datafield><datafield ind1=" " ind2="7" tag="650"><subfield code="a">Logique</subfield><subfield code="0">(IDREF)027284263</subfield><subfield code="2">idref</subfield></datafield><datafield ind1=" " ind2="7" tag="650"><subfield code="a">MATHEMATISCHE LOGIK</subfield><subfield code="9">ger</subfield><subfield code="0">(ETHUDK)000012502</subfield><subfield code="2">ethudk</subfield></datafield><datafield ind1=" " ind2="7" tag="650"><subfield code="a">THEORETISCHE INFORMATIK</subfield><subfield code="9">ger</subfield><subfield code="0">(ETHUDK)000052054</subfield><subfield code="2">ethudk</subfield></datafield><datafield ind1=" " ind2="7" tag="655"><subfield code="a">Actes de congrès</subfield><subfield code="0">(IDREF)02886431X</subfield><subfield code="2">idref</subfield></datafield><datafield ind1=" " ind2="7" tag="655"><subfield code="a">Konferenzschrift</subfield><subfield code="z">Århus</subfield><subfield code="y">1997/08</subfield><subfield code="2">gnd-content</subfield></datafield><datafield ind1="1" ind2=" " tag="700"><subfield code="a">Nielsen, Mogens</subfield><subfield code="d">1949-</subfield><subfield code="0">(RERO)A003640722</subfield></datafield><datafield ind1="2" ind2=" " tag="710"><subfield code="a">European Association for Computer Science Logic</subfield><subfield code="b">Conference</subfield><subfield code="n">11</subfield><subfield code="d">1997</subfield><subfield code="c">Aarhus</subfield><subfield code="0">(RERO)A012399491</subfield></datafield><datafield ind1="2" ind2=" " tag="711"><subfield code="a">European Association for Computer Science Logic</subfield><subfield code="e">Annual Conference</subfield><subfield code="0">(DE-588)1091960798</subfield></datafield><datafield ind1="2" ind2=" " tag="711"><subfield code="a">CSL</subfield><subfield code="0">(DE-588)216671-9</subfield></datafield><datafield ind1="4" ind2=" " tag="856"><subfield code="3">Abstract / Autoreninformation</subfield><subfield code="u">https://toc.library.ethz.ch/objects/pdf/000021323_e01_3540645705_02.pdf</subfield><subfield code="q">pdf</subfield></datafield><datafield ind1=" " ind2=" " tag="830"><subfield code="a">Lecture notes in computer science</subfield><subfield code="v">1414</subfield><subfield code="w">(RERO)0078255-41slsp</subfield></datafield><datafield ind1=" " ind2=" " tag="830"><subfield code="a">Lecture notes in computer science</subfield><subfield code="n">1 (1973) - 2999 (2004)</subfield><subfield code="v">1414</subfield><subfield code="w">(NEBIS)000025969EBI01</subfield></datafield><datafield ind1=" " ind2=" " tag="900"><subfield code="a">REROnoselfmerge</subfield></datafield></record>
</metadata></record>