<record><header><identifier>oai:alma.41SLSP_UGE:991000102489705502</identifier><datestamp>2024-04-11T00:29:24Z</datestamp><setSpec>uge_bcen_RapidILL_BOOK</setSpec><setSpec>uge_aaca_RapidILL_BOOK</setSpec><setSpec>uge_abels_RapidILL_BOOK</setSpec><setSpec>uge_dbu_RapidILL_BOOK</setSpec><setSpec>uge_cmu_RapidILL_BOOK</setSpec><setSpec>uge_mail_RapidILL_BOOK</setSpec><setSpec>uge_abbat_RapidILL_BOOK</setSpec><setSpec>UNIGE_ALL</setSpec><setSpec>uge_aobs_RapidILL_BOOK</setSpec><setSpec>uge_acar_RapidILL_BOOK</setSpec></header><metadata>
<record xmlns="http://www.loc.gov/MARC21/slim" xmlns:xsi="http://www.w3.org/2001/XMLSchema-instance" xsi:schemaLocation="http://www.loc.gov/MARC21/slim http://www.loc.gov/standards/marcxml/schema/MARC21slim.xsd"><leader>05997nam a2201057 c 4500</leader><controlfield tag="001">991000102489705502</controlfield><controlfield tag="005">20240410143511.0</controlfield><controlfield tag="008">201011s2018    sz ||||| |||| 00| ||ger d</controlfield><datafield ind1=" " ind2=" " tag="020"><subfield code="a">3725579156</subfield></datafield><datafield ind1=" " ind2=" " tag="020"><subfield code="a">9783725579150</subfield><subfield code="c">CHF 68.-</subfield></datafield><datafield ind1=" " ind2=" " tag="035"><subfield code="a">(swissbib)218775431-41slsp_network</subfield></datafield><datafield ind1=" " ind2=" " tag="035"><subfield code="a">218775431</subfield><subfield code="9">ExL</subfield></datafield><datafield ind1=" " ind2=" " tag="035"><subfield code="a">(RERO)R008871133-41slsp</subfield></datafield><datafield ind1=" " ind2=" " tag="035"><subfield code="a">(IDSLU)001343614ILU01</subfield></datafield><datafield ind1=" " ind2=" " tag="035"><subfield code="a">(NEBIS)011327121EBI01</subfield></datafield><datafield ind1=" " ind2=" " tag="035"><subfield code="a">(IDSBB)006853782DSV01</subfield></datafield><datafield ind1=" " ind2=" " tag="035"><subfield code="a">(IDSSG)001027775HSB01</subfield></datafield><datafield ind1=" " ind2=" " tag="035"><subfield code="a">(OCoLC)1077692939</subfield></datafield><datafield ind1=" " ind2=" " tag="035"><subfield code="a">(ABN)000853514ABN01</subfield></datafield><datafield ind1=" " ind2=" " tag="035"><subfield code="a">(ALEX)bv9925972503101791</subfield></datafield><datafield ind1=" " ind2=" " tag="035"><subfield code="a">(EXLNZ-41SLSP_NETWORK)991143916169705501</subfield></datafield><datafield ind1=" " ind2=" " tag="040"><subfield code="a">RERO neubfd</subfield><subfield code="d">CH-ZuSLS</subfield></datafield><datafield ind1="0" ind2=" " tag="041"><subfield code="a">ger</subfield></datafield><datafield ind1=" " ind2=" " tag="044"><subfield code="a">sz</subfield><subfield code="c">ch-zh</subfield></datafield><datafield ind1=" " ind2="7" tag="072"><subfield code="a">dr</subfield><subfield code="2">rero</subfield></datafield><datafield ind1=" " ind2="7" tag="072"><subfield code="a">807</subfield><subfield code="2">IDS LU</subfield></datafield><datafield ind1="0" ind2="4" tag="082"><subfield code="a">344.494035</subfield><subfield code="2">23</subfield></datafield><datafield ind1="1" ind2="4" tag="082"><subfield code="a">340</subfield><subfield code="2">15</subfield></datafield><datafield ind1=" " ind2=" " tag="084"><subfield code="a">CA/CH 91 h</subfield><subfield code="2">cjurrom</subfield></datafield><datafield ind1=" " ind2=" " tag="084"><subfield code="a">CA/CH 91.2 h</subfield><subfield code="2">cjurrom</subfield></datafield><datafield ind1=" " ind2=" " tag="084"><subfield code="a">CA/CH-BE 91.2 h</subfield><subfield code="2">cjurrom</subfield></datafield><datafield ind1=" " ind2=" " tag="084"><subfield code="a">D 18 h CH</subfield><subfield code="2">cjurrom</subfield></datafield><datafield ind1="1" ind2=" " tag="100"><subfield code="a">Frei, Nic</subfield><subfield code="d">19..-....</subfield><subfield code="0">(IDREF)275065014</subfield><subfield code="4">aut</subfield></datafield><datafield ind1="1" ind2="0" tag="245"><subfield code="a">Kein schöner Ort</subfield><subfield code="b">Arbeit im Strafvollzug und der Fall Thorberg</subfield><subfield code="c">Nic Frei</subfield></datafield><datafield ind1="1" ind2="0" tag="246"><subfield code="a">Arbeit im Strafvollzug und der Fall Thorberg</subfield></datafield><datafield ind1=" " ind2="1" tag="264"><subfield code="a">Zürich</subfield><subfield code="b">Schulthess</subfield><subfield code="c">2018</subfield></datafield><datafield ind1=" " ind2=" " tag="300"><subfield code="a">XXVIII, 76 Seiten</subfield></datafield><datafield ind1=" " ind2=" " tag="336"><subfield code="b">txt</subfield><subfield code="2">rdacontent</subfield></datafield><datafield ind1=" " ind2=" " tag="337"><subfield code="b">n</subfield><subfield code="2">rdamedia</subfield></datafield><datafield ind1=" " ind2=" " tag="338"><subfield code="b">nc</subfield><subfield code="2">rdacarrier</subfield></datafield><datafield ind1="1" ind2=" " tag="490"><subfield code="a">Impulse zur praxisorientierten Rechtswissenschaft</subfield><subfield code="v">41</subfield></datafield><datafield ind1=" " ind2=" " tag="504"><subfield code="a">Literaturverz.</subfield></datafield><datafield ind1="2" ind2="7" tag="610"><subfield code="a">Straf- und Verwahrungsanstalt Thorberg</subfield><subfield code="0">(DE-588)2077469-2</subfield><subfield code="2">gnd</subfield></datafield><datafield ind1=" " ind2="7" tag="650"><subfield code="a">Straf- und Massnahmenvollzug</subfield><subfield code="9">ger</subfield><subfield code="0">(RERO)jurivoc000021628ger</subfield><subfield code="2">jurivoc</subfield></datafield><datafield ind1=" " ind2="7" tag="650"><subfield code="a">Haft(allgemein)</subfield><subfield code="9">ger</subfield><subfield code="0">(RERO)jurivoc000010650ger</subfield><subfield code="2">jurivoc</subfield></datafield><datafield ind1=" " ind2="7" tag="650"><subfield code="a">Gefangener</subfield><subfield code="9">ger</subfield><subfield code="0">(RERO)jurivoc000009205ger</subfield><subfield code="2">jurivoc</subfield></datafield><datafield ind1=" " ind2="7" tag="650"><subfield code="a">Arbeit</subfield><subfield code="9">ger</subfield><subfield code="0">(RERO)jurivoc000001600ger</subfield><subfield code="2">jurivoc</subfield></datafield><datafield ind1=" " ind2="7" tag="650"><subfield code="a">Berufsausbildung</subfield><subfield code="9">ger</subfield><subfield code="0">(RERO)jurivoc000003314ger</subfield><subfield code="2">jurivoc</subfield></datafield><datafield ind1=" " ind2="7" tag="650"><subfield code="a">Weiterbildung</subfield><subfield code="9">ger</subfield><subfield code="0">(RERO)jurivoc000026302ger</subfield><subfield code="2">jurivoc</subfield></datafield><datafield ind1=" " ind2="7" tag="650"><subfield code="a">Streik</subfield><subfield code="9">ger</subfield><subfield code="0">(RERO)jurivoc000021888ger</subfield><subfield code="2">jurivoc</subfield></datafield><datafield ind1=" " ind2="7" tag="650"><subfield code="a">Strafanstalt</subfield><subfield code="9">ger</subfield><subfield code="0">(RERO)jurivoc000021630ger</subfield><subfield code="2">jurivoc</subfield></datafield><datafield ind1=" " ind2="7" tag="650"><subfield code="a">Exécution des peines</subfield><subfield code="0">(IDREF)027849724</subfield><subfield code="2">idref</subfield></datafield><datafield ind1=" " ind2="7" tag="650"><subfield code="a">Détention de personnes</subfield><subfield code="0">(IDREF)027829839</subfield><subfield code="2">idref</subfield></datafield><datafield ind1=" " ind2="7" tag="650"><subfield code="a">Travail forcé</subfield><subfield code="0">(IDREF)027519872</subfield><subfield code="2">idref</subfield></datafield><datafield ind1=" " ind2="7" tag="650"><subfield code="a">Conditions de travail</subfield><subfield code="0">(IDREF)027466272</subfield><subfield code="2">idref</subfield></datafield><datafield ind1=" " ind2="7" tag="650"><subfield code="a">Prisons</subfield><subfield code="0">(IDREF)027266192</subfield><subfield code="2">idref</subfield></datafield><datafield ind1=" " ind2="7" tag="650"><subfield code="a">Droit de grève</subfield><subfield code="0">(IDREF)029338409</subfield><subfield code="2">idref</subfield></datafield><datafield ind1=" " ind2="7" tag="650"><subfield code="a">Prisonniers</subfield><subfield code="0">(IDREF)027529177</subfield><subfield code="2">idref</subfield></datafield><datafield ind1=" " ind2="7" tag="650"><subfield code="a">SCHWEIZ (MITTELEUROPA). SCHWEIZERISCHE EIDGENOSSENSCHAFT</subfield><subfield code="9">ger</subfield><subfield code="0">(ETHUDK)000004571</subfield><subfield code="2">ethudk</subfield></datafield><datafield ind1=" " ind2="7" tag="650"><subfield code="a">STRAFVOLLZUG (STRAFRECHT)</subfield><subfield code="9">ger</subfield><subfield code="0">(ETHUDK)000011293</subfield><subfield code="2">ethudk</subfield></datafield><datafield ind1=" " ind2="7" tag="650"><subfield code="a">Gefangener</subfield><subfield code="0">(DE-588)4022782-0</subfield><subfield code="2">gnd</subfield></datafield><datafield ind1=" " ind2="7" tag="650"><subfield code="a">Strafvollzug</subfield><subfield code="0">(DE-588)4057808-2</subfield><subfield code="2">gnd</subfield></datafield><datafield ind1=" " ind2="7" tag="650"><subfield code="a">Arbeitspflicht</subfield><subfield code="0">(DE-588)4142907-2</subfield><subfield code="2">gnd</subfield></datafield><datafield ind1=" " ind2="7" tag="650"><subfield code="a">Streikrecht</subfield><subfield code="0">(DE-588)4140007-0</subfield><subfield code="2">gnd</subfield></datafield><datafield ind1=" " ind2="7" tag="650"><subfield code="a">Grundrecht</subfield><subfield code="0">(DE-588)4022344-9</subfield><subfield code="2">gnd</subfield></datafield><datafield ind1=" " ind2="7" tag="651"><subfield code="a">Schweiz</subfield><subfield code="9">ger</subfield><subfield code="0">(RERO)jurivoc000019912ger</subfield><subfield code="2">jurivoc</subfield></datafield><datafield ind1=" " ind2="7" tag="651"><subfield code="a">Bern(Kanton)</subfield><subfield code="9">ger</subfield><subfield code="0">(RERO)jurivoc000003287ger</subfield><subfield code="2">jurivoc</subfield></datafield><datafield ind1=" " ind2="7" tag="651"><subfield code="a">Thorberg (Suisse)</subfield><subfield code="0">(RERO)A010158343</subfield><subfield code="2">rero</subfield></datafield><datafield ind1=" " ind2="7" tag="651"><subfield code="a">Suisse</subfield><subfield code="0">(IDREF)027249654</subfield><subfield code="2">idref</subfield></datafield><datafield ind1=" " ind2="7" tag="651"><subfield code="a">Schweiz</subfield><subfield code="0">(DE-588)4053881-3</subfield><subfield code="2">gnd</subfield></datafield><datafield ind1=" " ind2="7" tag="655"><subfield code="a">Thèses et écrits académiques</subfield><subfield code="0">(IDREF)027253139</subfield><subfield code="2">idref</subfield></datafield><datafield ind1=" " ind2=" " tag="690"><subfield code="a">Thorberg, Strafanstalt, Streik</subfield><subfield code="2">ube-BC</subfield></datafield><datafield ind1=" " ind2=" " tag="690"><subfield code="a">Thorberg, Strafanstalt, Arbeit</subfield><subfield code="2">ube-BC</subfield></datafield><datafield ind1=" " ind2=" " tag="690"><subfield code="a">Krauchthal, Thorberg, Strafanstalt, Streik</subfield><subfield code="2">ube-BC</subfield></datafield><datafield ind1=" " ind2=" " tag="690"><subfield code="a">Krauchthal, Thorberg, Strafanstalt, Arbeit</subfield><subfield code="2">ube-BC</subfield></datafield><datafield ind1=" " ind2=" " tag="690"><subfield code="a">Strafvollzug, Thorberg, Streik</subfield><subfield code="2">ube-BE</subfield></datafield><datafield ind1=" " ind2=" " tag="690"><subfield code="a">Strafvollzug, Thorberg, Arbeit</subfield><subfield code="2">ube-BE</subfield></datafield><datafield ind1=" " ind2=" " tag="690"><subfield code="a">Folter; Strafrecht; Zusammenarbeit; Strafvollzug; Konkordat; Völkerrecht; Rechtsprechung; Bundesgesetz; Absatz; Berg; Vergleich; Streik; Zwangsarbeit; Gesetzgebung; Weiterbildung; Pakt; Vorschrift; Gefängnis; Privatisierung; Schweiz; Affäre; Arbeitsverhältnis; Defizit; Konklusion; Straftat; Schutz; Verzeichnis; Behandlung; Ebene; Leistung; Staatsverfassung; Reform</subfield><subfield code="2">idssg-J</subfield></datafield><datafield ind1=" " ind2=" " tag="690"><subfield code="a">Thorberg; Konkordatrecht; Privatstrafrecht; Streikrecht; Bundesebene; Demokratiedefizit; Gefängnispopulation; Grundrechtsprüfung; Materialienverzeichnis; Subordination; Zwischenfazit; Gefängnisreform; Normdichte; Sonderstatusverhältnis; Verhältnismässigkeit; Gefängnislandschaft; Hinterlassenenversicherung; Maßnahmenvollzug; Normstufe; Problemkind; Schutzbereich; Vollzugsalltag</subfield><subfield code="2">idssg-J</subfield></datafield><datafield ind1=" " ind2=" " tag="690"><subfield code="a">anderer Staat; umfassendes Strafrecht; unmenschliche Behandlung; abschließende Bemerkung; ausgewählter Unterschied; dazugehörige Verordnung; dritter Teil; erniedrigende Behandlung; erniedrigende Strafe; erster Teil; europäischer Staat; extramurales Arbeitsverhältnis; geltende Arbeitspflicht; gesetzliche Grundlage; interkantonale Zusammenarbeit; kantonale Gesetzgebung; neues Modell; persönlicher Schutzbereich; sachlicher Schutzbereich; schweizerische Gefängnislandschaft; schweizerischer Strafvollzug; schöner Ort; sozialversicherungsrechtlicher Aspekt; weiteres Ereignis; zweiter Teil; öffentliches Interesse; öffentliches Strafrecht</subfield><subfield code="2">idssg-J</subfield></datafield><datafield ind1=" " ind2=" " tag="690"><subfield code="a">Schweiz C4EXSI; Vereinte Nationen C00WOR; Deutschland C4EUGE; Europa C4E</subfield><subfield code="2">idssg-J</subfield></datafield><datafield ind1=" " ind2=" " tag="690"><subfield code="a">erst Teil Strafvollzug; George Caccivio; Grundrechtsprüfung Streikrecht Art.; Thomas Egger; zweit Teil Arbeit</subfield><subfield code="2">idssg-J</subfield></datafield><datafield ind1=" " ind2=" " tag="691"><subfield code="e">PC 91.2 CH</subfield><subfield code="2">rzs-L1</subfield></datafield><datafield ind1=" " ind2=" " tag="691"><subfield code="e">2.7.6.2 Thorberg</subfield><subfield code="2">ube-GA</subfield></datafield><datafield ind1=" " ind2="0" tag="830"><subfield code="a">Impulse zur praxisorientierten Rechtswissenschaft</subfield><subfield code="v">41</subfield><subfield code="w">991096191629705501</subfield></datafield><datafield ind1="4" ind2=" " tag="856"><subfield code="3">Titelblatt und Inhaltsverzeichnis</subfield><subfield code="u">https://toc.library.ethz.ch/objects/pdf03/e01_978-3-7255-7915-0_01.pdf</subfield><subfield code="q">pdf</subfield></datafield><datafield ind1=" " ind2=" " tag="900"><subfield code="a">IDSZ1ZH</subfield></datafield><datafield ind1=" " ind2=" " tag="900"><subfield code="a">IDSZ2rwimon20181211p</subfield><subfield code="c">IDSZ2kilch</subfield><subfield code="d">IDSZ2rwiswk201812b</subfield><subfield code="e">IDSZ2cont</subfield></datafield><datafield ind1=" " ind2=" " tag="900"><subfield code="a">IDSZ2zbzmon201901l</subfield><subfield code="c">IDSZ2kalh</subfield><subfield code="d">IDSZ2zbzswk201901g</subfield><subfield code="e">IDSZ2bruu</subfield></datafield><datafield ind1=" " ind2=" " tag="900"><subfield code="a">IDSE5E51ANH-2019</subfield></datafield><datafield ind1=" " ind2=" " tag="900"><subfield code="a">Stoppsignal FRED</subfield></datafield><datafield ind1=" " ind2=" " tag="949"><subfield code="a">https://toc.library.ethz.ch/objects/pdf03/e01_978-3-7255-7915-0_01.pdf</subfield></datafield></record>
</metadata></record>