<record><header><identifier>oai:alma.41SLSP_UGE:991000101769705502</identifier><datestamp>2023-03-01T01:10:20Z</datestamp><setSpec>uge_bcen_RapidILL_BOOK</setSpec><setSpec>uge_aaca_RapidILL_BOOK</setSpec><setSpec>uge_abels_RapidILL_BOOK</setSpec><setSpec>uge_dbu_RapidILL_BOOK</setSpec><setSpec>uge_cmu_RapidILL_BOOK</setSpec><setSpec>uge_mail_RapidILL_BOOK</setSpec><setSpec>UNIGE_ALL</setSpec><setSpec>uge_abbat_RapidILL_BOOK</setSpec><setSpec>uge_aobs_RapidILL_BOOK</setSpec><setSpec>uge_acar_RapidILL_BOOK</setSpec></header><metadata>
<record xmlns="http://www.loc.gov/MARC21/slim" xmlns:xsi="http://www.w3.org/2001/XMLSchema-instance" xsi:schemaLocation="http://www.loc.gov/MARC21/slim http://www.loc.gov/standards/marcxml/schema/MARC21slim.xsd"><leader>01709nam a2200277 c 4500</leader><controlfield tag="001">991000101769705502</controlfield><controlfield tag="005">20201126042500.0</controlfield><controlfield tag="008">081107s2008    sz ||||| m||| 00| ||fre d</controlfield><datafield ind1=" " ind2=" " tag="035"><subfield code="a">(swissbib)107332744-41slsp_network</subfield></datafield><datafield ind1=" " ind2=" " tag="035"><subfield code="a">107332744</subfield><subfield code="9">ExL</subfield></datafield><datafield ind1=" " ind2=" " tag="035"><subfield code="a">(RERO)R004859695-41slsp</subfield></datafield><datafield ind1=" " ind2=" " tag="035"><subfield code="a">(EXLNZ-41SLSP_NETWORK)991007465339705501</subfield></datafield><datafield ind1=" " ind2=" " tag="040"><subfield code="a">RERO geussc</subfield><subfield code="d">CH-ZuSLS</subfield></datafield><datafield ind1=" " ind2=" " tag="044"><subfield code="a">sz</subfield><subfield code="c">ch-ge</subfield></datafield><datafield ind1=" " ind2="7" tag="072"><subfield code="a">ch</subfield><subfield code="2">rero</subfield></datafield><datafield ind1="1" ind2=" " tag="100"><subfield code="a">Troxler, Stéphanie</subfield><subfield code="0">(RERO)A014238564</subfield><subfield code="4">cre</subfield></datafield><datafield ind1="1" ind2="0" tag="245"><subfield code="a">Optimisation et validation d'une méthode d'analyse de l'éthylglucuronide dans les cheveux et analyse de cas réels</subfield><subfield code="c">Stéphanie Troxler</subfield></datafield><datafield ind1=" " ind2="1" tag="264"><subfield code="a">Genève</subfield><subfield code="b">[éditeur non identifié]</subfield><subfield code="c">2008</subfield></datafield><datafield ind1=" " ind2=" " tag="300"><subfield code="a">32 f.</subfield><subfield code="b">ill.</subfield><subfield code="c">30 cm</subfield></datafield><datafield ind1=" " ind2=" " tag="336"><subfield code="b">txt</subfield><subfield code="2">rdacontent</subfield></datafield><datafield ind1=" " ind2=" " tag="337"><subfield code="b">n</subfield><subfield code="2">rdamedia</subfield></datafield><datafield ind1=" " ind2=" " tag="338"><subfield code="b">nc</subfield><subfield code="2">rdacarrier</subfield></datafield><datafield ind1=" " ind2=" " tag="502"><subfield code="a">Travail de diplôme, Ecole de pharmacie Genève-Lausanne (EPGL), 2008</subfield></datafield><datafield ind1="0" ind2=" " tag="505"><subfield code="a">[Sommaire] Introduction. - Objectifs. - Partie expérimentale: Produits, solvants et matériel, Extractions et analyses, Analyses en LC-MS/MS, Optimisation de la méthode d'extraction des échantillons pour l'analyse en GC-MS/MS, Optimisation de la méthode de détection par GC-MS/MS, Validation de la méthode par GC-MS/MS. - Résultats et discussion. - Conclusion</subfield></datafield><datafield ind1=" " ind2=" " tag="508"><subfield code="a">Responsable: Hicham Kharbouche</subfield></datafield><datafield ind1="8" ind2=" " tag="520"><subfield code="a">[Résumé (extrait)] Au travers de ce travail, il s'agit de détecter et de doser l'éthylglucuronide dans les cheveux. Dans un premier temps, des métodes d'analyse par LC-MS/MS et GC-MS/MS seront développées puis comparées. La validation de la méthode permettant la meilleure sensibilité sera alors entreprise. Enfin, une analyse de cas réels sera réalisée avec le procédé validé. [auteur]</subfield></datafield><datafield ind1=" " ind2=" " tag="900"><subfield code="a">REROnoselfmerge</subfield></datafield></record>
</metadata></record>