<record><header><identifier>oai:alma.41SLSP_UGE:991000102079705502</identifier><datestamp>2024-03-23T01:23:14Z</datestamp><setSpec>uge_bcen_RapidILL_BOOK</setSpec><setSpec>uge_aaca_RapidILL_BOOK</setSpec><setSpec>uge_abels_RapidILL_BOOK</setSpec><setSpec>uge_dbu_RapidILL_BOOK</setSpec><setSpec>uge_cmu_RapidILL_BOOK</setSpec><setSpec>uge_mail_RapidILL_BOOK</setSpec><setSpec>uge_abbat_RapidILL_BOOK</setSpec><setSpec>UNIGE_ALL</setSpec><setSpec>uge_aobs_RapidILL_BOOK</setSpec><setSpec>uge_acar_RapidILL_BOOK</setSpec></header><metadata>
<record xmlns="http://www.loc.gov/MARC21/slim" xmlns:xsi="http://www.w3.org/2001/XMLSchema-instance" xsi:schemaLocation="http://www.loc.gov/MARC21/slim http://www.loc.gov/standards/marcxml/schema/MARC21slim.xsd"><leader>01427nam a22002892c 4500</leader><controlfield tag="001">991000102079705502</controlfield><controlfield tag="005">20240321222710.0</controlfield><controlfield tag="008">180726s1520    gw ||||| |||| 00| ||lat d</controlfield><datafield ind1=" " ind2=" " tag="035"><subfield code="a">(swissbib)124979270-41slsp_network</subfield></datafield><datafield ind1=" " ind2=" " tag="035"><subfield code="a">124979270</subfield><subfield code="9">ExL</subfield></datafield><datafield ind1=" " ind2=" " tag="035"><subfield code="a">(RERO)R008824627-41slsp</subfield></datafield><datafield ind1=" " ind2=" " tag="035"><subfield code="a">(EXLNZ-41SLSP_NETWORK)991021380889705501</subfield></datafield><datafield ind1=" " ind2=" " tag="040"><subfield code="a">LNT</subfield><subfield code="b">eng</subfield><subfield code="d">CH-ZuSLS</subfield></datafield><datafield ind1=" " ind2="7" tag="072"><subfield code="a">zz</subfield><subfield code="2">rero</subfield></datafield><datafield ind1="1" ind2=" " tag="100"><subfield code="a">Bodenstein von Karlstadt, Andreas Rudolf</subfield><subfield code="d">1486?-1541</subfield><subfield code="0">(IDREF)027723720</subfield><subfield code="4">cre</subfield></datafield><datafield ind1="1" ind2="0" tag="245"><subfield code="a">Confutatio Andreae Carolostadii edita adversus defensiuam epistolam Joannis Eckii, quam temere conscripsit, pro assertione deridiculae &amp; anxiae inventionis, qua dixit Lipsie dum acriter urgeretur, Bonum opus est a deo totum, sed non taliter.</subfield></datafield><datafield ind1=" " ind2="1" tag="264"><subfield code="a">Vuittenbergae</subfield><subfield code="b">Melchiorem Lottherum Iuniorem</subfield><subfield code="c">1520</subfield></datafield><datafield ind1=" " ind2=" " tag="300"><subfield code="a">[16] f.</subfield><subfield code="c">4°</subfield></datafield><datafield ind1=" " ind2=" " tag="336"><subfield code="b">txt</subfield><subfield code="2">rdacontent</subfield></datafield><datafield ind1=" " ind2=" " tag="337"><subfield code="b">n</subfield><subfield code="2">rdamedia</subfield></datafield><datafield ind1=" " ind2=" " tag="338"><subfield code="b">nc</subfield><subfield code="2">rdacarrier</subfield></datafield><datafield ind1=" " ind2=" " tag="500"><subfield code="a">Signatures: A-D</subfield></datafield><datafield ind1="4" ind2=" " tag="510"><subfield code="a">VD16 B 6133</subfield></datafield><datafield ind1="1" ind2=" " tag="700"><subfield code="a">Lotter, Melchior</subfield><subfield code="c">Le jeune</subfield><subfield code="0">(RERO)A000106925</subfield><subfield code="4">prt</subfield></datafield><datafield ind1=" " ind2=" " tag="751"><subfield code="a">Leipzig (Allemagne)</subfield><subfield code="4">pup</subfield><subfield code="0">(IDREF)027406601</subfield></datafield><datafield ind1="4" ind2="1" tag="856"><subfield code="u">http://nbn-resolving.de/urn/resolver.pl?urn=urn:nbn:de:bvb:12-bsb00024377-4</subfield><subfield code="z">kostenfrei</subfield><subfield code="3">Volltext // 2008 digitalisiert von: Bayerische Staatsbibliothek, München. Exemplar der Bayerischen Staatsbibliothek mit der Signatur: 4 Polem. 2498#Beibd.11</subfield></datafield><datafield ind1=" " ind2=" " tag="900"><subfield code="a">REROswissbibnomerge</subfield></datafield><datafield ind1=" " ind2=" " tag="910"><subfield code="a">OCoLC</subfield><subfield code="b">20180726</subfield><subfield code="c">Réutilisation sous conditions: Licence ODC-BY</subfield></datafield><datafield ind1=" " ind2=" " tag="993"><subfield code="a">MHR Micro 66(3)</subfield><subfield code="x">ge/mhr-/7044</subfield><subfield code="9">LOCAL</subfield></datafield></record>
</metadata></record>