<record><header><identifier>oai:alma.41SLSP_UGE:991000102189705502</identifier><datestamp>2023-03-01T01:10:20Z</datestamp><setSpec>uge_bcen_RapidILL_BOOK</setSpec><setSpec>uge_aaca_RapidILL_BOOK</setSpec><setSpec>uge_abels_RapidILL_BOOK</setSpec><setSpec>uge_dbu_RapidILL_BOOK</setSpec><setSpec>uge_cmu_RapidILL_BOOK</setSpec><setSpec>uge_mail_RapidILL_BOOK</setSpec><setSpec>UNIGE_ALL</setSpec><setSpec>uge_abbat_RapidILL_BOOK</setSpec><setSpec>uge_aobs_RapidILL_BOOK</setSpec><setSpec>uge_acar_RapidILL_BOOK</setSpec></header><metadata>
<record xmlns="http://www.loc.gov/MARC21/slim" xmlns:xsi="http://www.w3.org/2001/XMLSchema-instance" xsi:schemaLocation="http://www.loc.gov/MARC21/slim http://www.loc.gov/standards/marcxml/schema/MARC21slim.xsd"><leader>01176nam a2200349 c 4500</leader><controlfield tag="001">991000102189705502</controlfield><controlfield tag="005">20201230215448.0</controlfield><controlfield tag="008">201011s1980    ne ||||| |||| 00| ||eng d</controlfield><datafield ind1=" " ind2=" " tag="020"><subfield code="a">0444860185</subfield></datafield><datafield ind1=" " ind2=" " tag="035"><subfield code="a">(swissbib)226490807-41slsp_network</subfield></datafield><datafield ind1=" " ind2=" " tag="035"><subfield code="a">226490807</subfield><subfield code="9">ExL</subfield></datafield><datafield ind1=" " ind2=" " tag="035"><subfield code="a">(RERO)1645549-41slsp</subfield></datafield><datafield ind1=" " ind2=" " tag="035"><subfield code="a">(IDSSG)000262976HSB01</subfield></datafield><datafield ind1=" " ind2=" " tag="035"><subfield code="a">(NEBIS)004722232EBI01</subfield></datafield><datafield ind1=" " ind2=" " tag="035"><subfield code="a">(EXLNZ-41SLSP_NETWORK)991039261889705501</subfield></datafield><datafield ind1=" " ind2=" " tag="040"><subfield code="a">RERO geudbu</subfield><subfield code="d">CH-ZuSLS</subfield></datafield><datafield ind1=" " ind2="7" tag="072"><subfield code="a">se</subfield><subfield code="2">rero</subfield></datafield><datafield ind1=" " ind2="7" tag="072"><subfield code="a">in</subfield><subfield code="2">rero</subfield></datafield><datafield ind1="1" ind2=" " tag="100"><subfield code="a">Turner, William Stephen</subfield><subfield code="0">(RERO)A003915649</subfield><subfield code="4">cre</subfield></datafield><datafield ind1="1" ind2="0" tag="245"><subfield code="a">Project auditing methodology</subfield><subfield code="c">W.S. Turner</subfield></datafield><datafield ind1=" " ind2="1" tag="264"><subfield code="a">Amsterdam</subfield><subfield code="a">New York [etc.]</subfield><subfield code="b">North-Holland Publ.</subfield><subfield code="c">1980</subfield></datafield><datafield ind1=" " ind2=" " tag="300"><subfield code="a">XV, 454 p.</subfield><subfield code="b">ill.</subfield><subfield code="c">23 cm</subfield></datafield><datafield ind1=" " ind2=" " tag="336"><subfield code="b">txt</subfield><subfield code="2">rdacontent</subfield></datafield><datafield ind1=" " ind2=" " tag="337"><subfield code="b">n</subfield><subfield code="2">rdamedia</subfield></datafield><datafield ind1=" " ind2=" " tag="338"><subfield code="b">nc</subfield><subfield code="2">rdacarrier</subfield></datafield><datafield ind1=" " ind2="7" tag="650"><subfield code="a">Innenrevision</subfield><subfield code="0">(DE-588)4072820-1</subfield><subfield code="2">gnd</subfield></datafield><datafield ind1=" " ind2=" " tag="690"><subfield code="a">K.6</subfield><subfield code="d">MANAGEMENT OF COMPUTING AND INFORMATION SYSTEMS</subfield><subfield code="2">uzb-UM</subfield></datafield><datafield ind1=" " ind2=" " tag="690"><subfield code="a">Projekt-Management: Handbücher</subfield><subfield code="2">uzb-UC</subfield></datafield><datafield ind1=" " ind2=" " tag="690"><subfield code="a">Operational auditing: spezielle Studien</subfield><subfield code="2">uzb-UC</subfield></datafield><datafield ind1=" " ind2=" " tag="690"><subfield code="a">Revision: spezielle Studien</subfield><subfield code="2">uzb-UC</subfield></datafield><datafield ind1="1" ind2=" " tag="700"><subfield code="a">Turner, W. Stephen</subfield></datafield><datafield ind1="1" ind2=" " tag="700"><subfield code="a">Turner, W.S.</subfield></datafield><datafield ind1=" " ind2=" " tag="900"><subfield code="a">REROnoselfmerge</subfield></datafield></record>
</metadata></record>