<record><header><identifier>oai:alma.41SLSP_UGE:991000102199705502</identifier><datestamp>2023-03-01T01:10:20Z</datestamp><setSpec>uge_bcen_RapidILL_BOOK</setSpec><setSpec>uge_aaca_RapidILL_BOOK</setSpec><setSpec>uge_abels_RapidILL_BOOK</setSpec><setSpec>uge_dbu_RapidILL_BOOK</setSpec><setSpec>uge_cmu_RapidILL_BOOK</setSpec><setSpec>uge_mail_RapidILL_BOOK</setSpec><setSpec>UNIGE_ALL</setSpec><setSpec>uge_abbat_RapidILL_BOOK</setSpec><setSpec>uge_aobs_RapidILL_BOOK</setSpec><setSpec>uge_acar_RapidILL_BOOK</setSpec></header><metadata>
<record xmlns="http://www.loc.gov/MARC21/slim" xmlns:xsi="http://www.w3.org/2001/XMLSchema-instance" xsi:schemaLocation="http://www.loc.gov/MARC21/slim http://www.loc.gov/standards/marcxml/schema/MARC21slim.xsd"><leader>01919nam a2200481uc 4500</leader><controlfield tag="001">991000102199705502</controlfield><controlfield tag="005">20201231115047.0</controlfield><controlfield tag="008">201012s1995    it     |      00| ||ita|d</controlfield><datafield ind1=" " ind2=" " tag="020"><subfield code="a">880084023X</subfield></datafield><datafield ind1=" " ind2=" " tag="035"><subfield code="a">(swissbib)23809622X-41slsp_network</subfield></datafield><datafield ind1=" " ind2=" " tag="035"><subfield code="a">23809622X</subfield><subfield code="9">ExL</subfield></datafield><datafield ind1=" " ind2=" " tag="035"><subfield code="a">(NEBIS)001619691EBI01</subfield></datafield><datafield ind1=" " ind2=" " tag="035"><subfield code="a">(IDSBB)001278022DSV01</subfield></datafield><datafield ind1=" " ind2=" " tag="035"><subfield code="a">(RERO)R224062560-41slsp</subfield></datafield><datafield ind1=" " ind2=" " tag="035"><subfield code="a">(EXLNZ-41SLSP_NETWORK)991136075159705501</subfield></datafield><datafield ind1=" " ind2=" " tag="040"><subfield code="a">ZBZ</subfield><subfield code="b">ger</subfield><subfield code="e">ETHICS-ISBD</subfield><subfield code="d">CH-ZuSLS</subfield></datafield><datafield ind1=" " ind2="7" tag="072"><subfield code="a">ng</subfield><subfield code="2">SzZuIDS BS/BE</subfield></datafield><datafield ind1=" " ind2="7" tag="072"><subfield code="a">ht</subfield><subfield code="2">rero</subfield></datafield><datafield ind1="0" ind2="0" tag="082"><subfield code="a">945/.51083/092</subfield><subfield code="2">21</subfield></datafield><datafield ind1="0" ind2="4" tag="082"><subfield code="a">945.5108</subfield></datafield><datafield ind1="1" ind2="4" tag="082"><subfield code="a">900</subfield><subfield code="2">15</subfield></datafield><datafield ind1="1" ind2=" " tag="100"><subfield code="a">Capponi, Gino</subfield><subfield code="d">1792-1876</subfield><subfield code="0">(IDREF)034048847</subfield><subfield code="4">cre</subfield></datafield><datafield ind1="1" ind2="0" tag="245"><subfield code="a">1834-1850</subfield><subfield code="c">premessa di Cosimo Ceccuti</subfield></datafield><datafield ind1=" " ind2="1" tag="264"><subfield code="a">, 1995</subfield></datafield><datafield ind1=" " ind2=" " tag="300"><subfield code="a">VI, 368 p.</subfield><subfield code="c">24 cm</subfield></datafield><datafield ind1=" " ind2=" " tag="336"><subfield code="b">txt</subfield><subfield code="2">rdacontent</subfield></datafield><datafield ind1=" " ind2=" " tag="337"><subfield code="b">n</subfield><subfield code="2">rdamedia</subfield></datafield><datafield ind1=" " ind2=" " tag="338"><subfield code="b">nc</subfield><subfield code="2">rdacarrier</subfield></datafield><datafield ind1="1" ind2=" " tag="490"><subfield code="a">Carteggio / Gino Capponi, Gian Pietro Vieusseux</subfield><subfield code="v">2</subfield></datafield><datafield ind1="1" ind2=" " tag="490"><subfield code="a">Centro di Studi sulla Civiltà Toscana fra '800 e '900</subfield><subfield code="v">4</subfield></datafield><datafield ind1="1" ind2="7" tag="600"><subfield code="a">Vieusseux, Gian Pietro</subfield><subfield code="d">1779-1863</subfield><subfield code="0">(DE-588)118804502</subfield><subfield code="2">gnd</subfield></datafield><datafield ind1="1" ind2="0" tag="600"><subfield code="a">Capponi, Gino</subfield><subfield code="d">1792-1876</subfield><subfield code="v">Correspondence</subfield></datafield><datafield ind1="1" ind2="0" tag="600"><subfield code="a">Vieusseux, Gian Pietro</subfield><subfield code="d">1779-1863</subfield><subfield code="v">Correspondence</subfield></datafield><datafield ind1=" " ind2="7" tag="650"><subfield code="a">Briefsammlung</subfield><subfield code="0">(DE-588)4146609-3</subfield><subfield code="2">gnd</subfield></datafield><datafield ind1=" " ind2="0" tag="650"><subfield code="a">Intellectuals</subfield><subfield code="z">Italy</subfield><subfield code="z">Florence</subfield><subfield code="v">Correspondence</subfield></datafield><datafield ind1=" " ind2="0" tag="651"><subfield code="a">Florence (Italy)</subfield><subfield code="x">Intellectual life</subfield><subfield code="y">19th century</subfield></datafield><datafield ind1=" " ind2="0" tag="651"><subfield code="a">Italy</subfield><subfield code="x">Intellectual life</subfield><subfield code="y">19th century</subfield></datafield><datafield ind1="1" ind2=" " tag="700"><subfield code="a">Vieusseux, Giovanni Pietro</subfield><subfield code="d">1779-1863</subfield><subfield code="0">(IDREF)030019974</subfield></datafield><datafield ind1="1" ind2=" " tag="800"><subfield code="a">Vieusseux, Giovan Pietro</subfield><subfield code="d">1779-1863</subfield><subfield code="t">Carteggio</subfield><subfield code="v">2</subfield></datafield><datafield ind1=" " ind2=" " tag="830"><subfield code="a">Centro di studi sulla civiltà toscana fra '800 e '900</subfield><subfield code="v">4</subfield><subfield code="w">(RERO)R217405160-41slsp</subfield></datafield><datafield ind1=" " ind2=" " tag="830"><subfield code="a">Centro di studi sulla civiltà toscana fra '800 e '900</subfield><subfield code="v">4</subfield><subfield code="w">(NEBIS)001530669EBI01</subfield></datafield><datafield ind1="1" ind2=" " tag="800"><subfield code="a">Capponi, Gino</subfield><subfield code="d">1792-1876</subfield><subfield code="t">Carteggio</subfield><subfield code="v">2</subfield><subfield code="w">(NEBIS)001530686EBI01</subfield></datafield><datafield ind1="1" ind2=" " tag="800"><subfield code="a">Capponi, Gino</subfield><subfield code="d">1792-1876</subfield><subfield code="t">Carteggio</subfield><subfield code="v">2</subfield><subfield code="w">(IDSBB)001278015DSV01</subfield></datafield><datafield ind1=" " ind2=" " tag="900"><subfield code="a">REROnoselfmerge</subfield></datafield><datafield ind1=" " ind2=" " tag="993"><subfield code="a">BFLA 124968/2</subfield><subfield code="x">ge/ulit/a/99/91</subfield><subfield code="9">LOCAL</subfield></datafield></record>
</metadata></record>