<record><header><identifier>oai:alma.41SLSP_UGE:991000101779705502</identifier><datestamp>2023-03-01T01:10:20Z</datestamp><setSpec>uge_bcen_RapidILL_BOOK</setSpec><setSpec>uge_aaca_RapidILL_BOOK</setSpec><setSpec>uge_abels_RapidILL_BOOK</setSpec><setSpec>uge_dbu_RapidILL_BOOK</setSpec><setSpec>uge_cmu_RapidILL_BOOK</setSpec><setSpec>uge_mail_RapidILL_BOOK</setSpec><setSpec>UNIGE_ALL</setSpec><setSpec>uge_abbat_RapidILL_BOOK</setSpec><setSpec>uge_aobs_RapidILL_BOOK</setSpec><setSpec>uge_acar_RapidILL_BOOK</setSpec></header><metadata>
<record xmlns="http://www.loc.gov/MARC21/slim" xmlns:xsi="http://www.w3.org/2001/XMLSchema-instance" xsi:schemaLocation="http://www.loc.gov/MARC21/slim http://www.loc.gov/standards/marcxml/schema/MARC21slim.xsd"><leader>03426nam a2200325 c 4500</leader><controlfield tag="001">991000101779705502</controlfield><controlfield tag="005">20201126045028.0</controlfield><controlfield tag="008">881108s1987    ru ||||| |||| 00| ||fre d</controlfield><datafield ind1=" " ind2=" " tag="035"><subfield code="a">(swissbib)083215611-41slsp_network</subfield></datafield><datafield ind1=" " ind2=" " tag="035"><subfield code="a">083215611</subfield><subfield code="9">ExL</subfield></datafield><datafield ind1=" " ind2=" " tag="035"><subfield code="a">(RERO)1038786-41slsp</subfield></datafield><datafield ind1=" " ind2=" " tag="035"><subfield code="a">(EXLNZ-41SLSP_NETWORK)991051131819705501</subfield></datafield><datafield ind1=" " ind2=" " tag="040"><subfield code="a">RERO frbcuc</subfield><subfield code="d">CH-ZuSLS</subfield></datafield><datafield ind1="0" ind2=" " tag="041"><subfield code="a">fre</subfield><subfield code="a">rus</subfield></datafield><datafield ind1=" " ind2="7" tag="072"><subfield code="a">ru</subfield><subfield code="2">rero</subfield></datafield><datafield ind1="1" ind2=" " tag="100"><subfield code="6">880-01</subfield><subfield code="a">Turgenev, Ivan Sergeevič</subfield><subfield code="d">1818-1883</subfield><subfield code="0">(IDREF)027166929</subfield><subfield code="4">cre</subfield></datafield><datafield ind1="1" ind2=" " tag="880"><subfield code="6">100-01/(N</subfield><subfield code="a">Тургенев, Иван Сергеевич</subfield><subfield code="d">1818-1883</subfield></datafield><datafield ind1="1" ind2="0" tag="245"><subfield code="6">880-02</subfield><subfield code="a">Polnoe sobranie sochineniĭ i pisem</subfield><subfield code="b">v tridt︠s︡ati tomakh</subfield><subfield code="c">I.S. Turgenev ; Akademii︠a︡ Nauk SSSR, Institut Russkoĭ Literatury (Pushkinskiĭ Dom).</subfield><subfield code="n">Pisʹma 4</subfield><subfield code="p">1859-1861</subfield></datafield><datafield ind1="1" ind2="0" tag="880"><subfield code="6">245-02/(N</subfield><subfield code="a">Полное собрание сочинений и писем</subfield><subfield code="b">в тридцати томах</subfield><subfield code="c">И.С. Тургенев ; Академия Наук СССР, Институт Русской Литературы (Пушкинский Дом).</subfield><subfield code="n">Письма 4</subfield><subfield code="p">1859-1861</subfield></datafield><datafield ind1="1" ind2=" " tag="246"><subfield code="a">Polnoe sobranie sočinenij i pisem</subfield><subfield code="b">v tridcati tomach / I.S. Turgenev ; Akademija Nauk SSSR, Institut Russkoj Literatury (Puškinskij Dom).</subfield><subfield code="n">Pis'ma 4</subfield><subfield code="p">1859-1861</subfield></datafield><datafield ind1=" " ind2=" " tag="250"><subfield code="6">880-03</subfield><subfield code="a">Izd. 2-e, ispravlennoe i dopolnennoe</subfield></datafield><datafield ind1=" " ind2=" " tag="880"><subfield code="6">250-03/(N</subfield><subfield code="a">Изд. 2-е, исправленное и дополненное</subfield></datafield><datafield ind1=" " ind2="1" tag="264"><subfield code="6">880-04</subfield><subfield code="a">Moskva</subfield><subfield code="b">Izd. &quot;Nauka&quot;</subfield><subfield code="c">1987</subfield></datafield><datafield ind1=" " ind2="1" tag="880"><subfield code="6">264-04/(N</subfield><subfield code="a">Москва</subfield><subfield code="b">Изд.. &quot;Наука&quot;</subfield><subfield code="c">1987</subfield></datafield><datafield ind1=" " ind2=" " tag="300"><subfield code="a">766 p., [1] f. de portr.</subfield><subfield code="b">fig.</subfield><subfield code="c">21 cm</subfield></datafield><datafield ind1=" " ind2=" " tag="336"><subfield code="b">txt</subfield><subfield code="2">rdacontent</subfield></datafield><datafield ind1=" " ind2=" " tag="337"><subfield code="b">n</subfield><subfield code="2">rdamedia</subfield></datafield><datafield ind1=" " ind2=" " tag="338"><subfield code="b">nc</subfield><subfield code="2">rdacarrier</subfield></datafield><datafield ind1="1" ind2=" " tag="800"><subfield code="6">880-06</subfield><subfield code="a">Turgenev, Ivan Sergeevich</subfield><subfield code="d">1818-1883</subfield><subfield code="t">Polnoe sobranie sochineniĭ i pisem : v tridt︠s︡ati tomakh</subfield><subfield code="v">16</subfield></datafield><datafield ind1="1" ind2=" " tag="880"><subfield code="6">800-06</subfield><subfield code="a">Тургенев, Иван Сергеевич</subfield><subfield code="d">1818-1883</subfield><subfield code="t">Полное собрание сочинений и писем : в тридцати томах</subfield><subfield code="v">16</subfield></datafield><datafield ind1=" " ind2=" " tag="900"><subfield code="a">REROnoselfmerge</subfield></datafield></record>
</metadata></record>