<record><header><identifier>oai:alma.41SLSP_UGE:991000107519705502</identifier><datestamp>2023-03-04T01:19:37Z</datestamp><setSpec>uge_cmu_RapidILL_JOURNAL</setSpec><setSpec>uge_aobs_RapidILL_JOURNAL</setSpec><setSpec>uge_aaca_RapidILL_JOURNAL</setSpec><setSpec>uge_abbat_RapidILL_JOURNAL</setSpec><setSpec>uge_bcen_RapidILL_JOURNAL</setSpec><setSpec>uge_mail_RapidILL_JOURNAL</setSpec><setSpec>uge_dbu_RapidILL_JOURNAL</setSpec><setSpec>uge_abels_RapidILL_JOURNAL</setSpec><setSpec>UNIGE_ALL</setSpec><setSpec>uge_acar_RapidILL_JOURNAL</setSpec></header><metadata>
<record xmlns="http://www.loc.gov/MARC21/slim" xmlns:xsi="http://www.w3.org/2001/XMLSchema-instance" xsi:schemaLocation="http://www.loc.gov/MARC21/slim http://www.loc.gov/standards/marcxml/schema/MARC21slim.xsd"><leader>01382nas a2200385 c 4500</leader><controlfield tag="001">991000107519705502</controlfield><controlfield tag="005">20230303214837.0</controlfield><controlfield tag="008">970208duuuu1956xxk|| p|  ||| 0    0eng d</controlfield><datafield ind1=" " ind2=" " tag="022"><subfield code="a">0022-1198</subfield></datafield><datafield ind1=" " ind2=" " tag="035"><subfield code="a">(swissbib)076787168-41slsp_network</subfield></datafield><datafield ind1=" " ind2=" " tag="035"><subfield code="a">076787168</subfield><subfield code="9">ExL</subfield></datafield><datafield ind1=" " ind2=" " tag="035"><subfield code="a">(RERO)0062965-41slsp</subfield></datafield><datafield ind1=" " ind2=" " tag="035"><subfield code="a">(EXLNZ-41SLSP_NETWORK)991002726189705501</subfield></datafield><datafield ind1=" " ind2=" " tag="040"><subfield code="a">RERO</subfield><subfield code="d">CH-ZuSLS</subfield></datafield><datafield ind1=" " ind2="7" tag="072"><subfield code="a">dr</subfield><subfield code="2">rero</subfield></datafield><datafield ind1=" " ind2="7" tag="072"><subfield code="a">me</subfield><subfield code="2">rero</subfield></datafield><datafield ind1="1" ind2="0" tag="210"><subfield code="a">J. Forensic Sci.</subfield></datafield><datafield ind1="0" ind2="0" tag="245"><subfield code="a">Journal of forensic sciences</subfield><subfield code="b">the official publ. of the American Academy of Forensic Sciences</subfield></datafield><datafield ind1=" " ind2="1" tag="264"><subfield code="a">Chicago ; [then]</subfield><subfield code="a">Philadelphia</subfield><subfield code="b">American Academy of Forensic Sciences</subfield><subfield code="a">[puis] Oxford</subfield><subfield code="b">Wiley</subfield></datafield><datafield ind1=" " ind2=" " tag="310"><subfield code="a">4x par an</subfield></datafield><datafield ind1=" " ind2=" " tag="336"><subfield code="b">txt</subfield><subfield code="2">rdacontent</subfield></datafield><datafield ind1=" " ind2=" " tag="337"><subfield code="b">n</subfield><subfield code="2">rdamedia</subfield></datafield><datafield ind1=" " ind2=" " tag="338"><subfield code="b">nc</subfield><subfield code="2">rdacarrier</subfield></datafield><datafield ind1="0" ind2=" " tag="362"><subfield code="a">Vol. 1(1956)-</subfield></datafield><datafield ind1=" " ind2=" " tag="530"><subfield code="a">Existe aussi en version électronique</subfield></datafield><datafield ind1=" " ind2="2" tag="650"><subfield code="a">Forensic Medicine</subfield></datafield><datafield ind1=" " ind2="2" tag="650"><subfield code="a">Forensic Psychiatry</subfield></datafield><datafield ind1=" " ind2="2" tag="650"><subfield code="a">Jurisprudence</subfield></datafield><datafield ind1=" " ind2="7" tag="650"><subfield code="a">Droit</subfield><subfield code="0">(IDREF)027466868</subfield><subfield code="2">idref</subfield></datafield><datafield ind1=" " ind2="7" tag="650"><subfield code="a">Médecine légale</subfield><subfield code="0">(IDREF)027237575</subfield><subfield code="2">idref</subfield></datafield><datafield ind1=" " ind2="7" tag="655"><subfield code="a">Périodiques</subfield><subfield code="0">(IDREF)02724640X</subfield><subfield code="2">idref</subfield></datafield><datafield ind1="2" ind2=" " tag="710"><subfield code="a">American academy of forensic sciences</subfield><subfield code="0">(IDREF)19922594X</subfield></datafield><datafield ind1="2" ind2=" " tag="710"><subfield code="a">American society for testing and materials</subfield><subfield code="0">(IDREF)032265999</subfield></datafield><datafield ind1="0" ind2=" " tag="776"><subfield code="t">Journal of forensic sciences</subfield></datafield><datafield ind1="4" ind2="1" tag="856"><subfield code="u">http://onlinelibrary.wiley.com/journal/10.1111/(ISSN)1556-4029</subfield></datafield><datafield ind1=" " ind2=" " tag="900"><subfield code="a">REROnoselfmerge</subfield></datafield></record>
</metadata></record>