<record><header><identifier>oai:alma.41SLSP_UGE:991000106999705502</identifier><datestamp>2023-04-01T00:12:29Z</datestamp><setSpec>uge_bcen_RapidILL_BOOK</setSpec><setSpec>uge_aaca_RapidILL_BOOK</setSpec><setSpec>uge_abels_RapidILL_BOOK</setSpec><setSpec>uge_dbu_RapidILL_BOOK</setSpec><setSpec>uge_cmu_RapidILL_BOOK</setSpec><setSpec>uge_mail_RapidILL_BOOK</setSpec><setSpec>uge_abbat_RapidILL_BOOK</setSpec><setSpec>UNIGE_ALL</setSpec><setSpec>uge_acar_RapidILL_BOOK</setSpec><setSpec>uge_aobs_RapidILL_BOOK</setSpec></header><metadata>
<record xmlns="http://www.loc.gov/MARC21/slim" xmlns:xsi="http://www.w3.org/2001/XMLSchema-instance" xsi:schemaLocation="http://www.loc.gov/MARC21/slim http://www.loc.gov/standards/marcxml/schema/MARC21slim.xsd"><leader>03609nam a2200745 c 4500</leader><controlfield tag="001">991000106999705502</controlfield><controlfield tag="005">20230331211154.0</controlfield><controlfield tag="008">201011m19401965fr ||||| |||| 00| ||fre d</controlfield><datafield ind1=" " ind2=" " tag="035"><subfield code="a">(swissbib)216426073-41slsp_network</subfield></datafield><datafield ind1=" " ind2=" " tag="035"><subfield code="a">216426073</subfield><subfield code="9">ExL</subfield></datafield><datafield ind1=" " ind2=" " tag="035"><subfield code="a">(RERO)0222503-41slsp</subfield></datafield><datafield ind1=" " ind2=" " tag="035"><subfield code="a">(NEBIS)003370988EBI01</subfield></datafield><datafield ind1=" " ind2=" " tag="035"><subfield code="a">(EXLNZ-41SLSP_NETWORK)991119012889705501</subfield></datafield><datafield ind1=" " ind2=" " tag="040"><subfield code="a">RERO</subfield><subfield code="d">CH-ZuSLS</subfield></datafield><datafield ind1=" " ind2="7" tag="072"><subfield code="a">ha</subfield><subfield code="2">rero</subfield></datafield><datafield ind1=" " ind2="7" tag="072"><subfield code="a">gr</subfield><subfield code="2">rero</subfield></datafield><datafield ind1="1" ind2=" " tag="080"><subfield code="a">930.271(38)(081)ROB</subfield></datafield><datafield ind1="0" ind2="4" tag="082"><subfield code="a">481.7</subfield><subfield code="2">19</subfield></datafield><datafield ind1="0" ind2="4" tag="082"><subfield code="a">411.7</subfield></datafield><datafield ind1="0" ind2="4" tag="082"><subfield code="a">480</subfield></datafield><datafield ind1="1" ind2="4" tag="082"><subfield code="a">938</subfield><subfield code="2">21</subfield></datafield><datafield ind1="0" ind2="0" tag="245"><subfield code="a">Hellenica</subfield><subfield code="b">recueil d'épigraphie, de numismatique et d'antiquités grecques</subfield><subfield code="c">publ. par Louis Robert</subfield></datafield><datafield ind1=" " ind2="1" tag="264"><subfield code="a">Limoges</subfield><subfield code="b">A. Bontemps</subfield><subfield code="a">[puis] A. Maisonneuve</subfield><subfield code="c">1940-1965</subfield></datafield><datafield ind1=" " ind2=" " tag="300"><subfield code="a">13 t. en 12 vol.</subfield><subfield code="b">ill.</subfield><subfield code="c">25 cm</subfield></datafield><datafield ind1=" " ind2=" " tag="336"><subfield code="b">txt</subfield><subfield code="2">rdacontent</subfield></datafield><datafield ind1=" " ind2=" " tag="337"><subfield code="b">n</subfield><subfield code="2">rdamedia</subfield></datafield><datafield ind1=" " ind2=" " tag="338"><subfield code="b">nc</subfield><subfield code="2">rdacarrier</subfield></datafield><datafield ind1=" " ind2=" " tag="500"><subfield code="a">Bd. 2-13 erschienen: Paris: Maisonneuve ; Bandzählung: 1-10, 11/12, 13 ; Bd. 1-3, 4-6 und 7-9 gebunden in je 1 Bd ; Mehr nicht erschienen</subfield></datafield><datafield ind1=" " ind2=" " tag="500"><subfield code="a">Bd. 5 Avec un appendice: Mario Segre, L'institution des Nikephoria de Pergame</subfield></datafield><datafield ind1="0" ind2="0" tag="505"><subfield code="g">Vol. 1</subfield><subfield code="t">1940. - 153 p</subfield></datafield><datafield ind1="0" ind2="0" tag="505"><subfield code="g">Vol. 2</subfield><subfield code="t">1946 (dépôt légal 1947). - 156 p</subfield></datafield><datafield ind1="0" ind2="0" tag="505"><subfield code="g">Vol. 3</subfield><subfield code="t">1946 (dépôt légal 1947). - 174 p</subfield></datafield><datafield ind1="0" ind2="0" tag="505"><subfield code="g">Vol. 4:</subfield><subfield code="t">Epigrammes du Bas-Empire. - 1948. - 151 p</subfield></datafield><datafield ind1="0" ind2="0" tag="505"><subfield code="g">Vol. 5:</subfield><subfield code="t">Avec un appendice, L'institution des Nikephorai de Pergame / Mario Segre. - 1948. - 132 p., 14 f. de pl</subfield></datafield><datafield ind1="0" ind2="0" tag="505"><subfield code="g">Vol. 7</subfield><subfield code="t">1949. - 254 p., 24 f. de pl</subfield></datafield><datafield ind1="0" ind2="0" tag="505"><subfield code="g">Vol. 11-12</subfield><subfield code="t">1960 (dépôt légal 1961). - 648 p</subfield></datafield><datafield ind1="0" ind2="0" tag="505"><subfield code="g">Bd. 6</subfield><subfield code="t">Inscriptions grecques de Lydie</subfield><subfield code="r">par Jeanne Robert et Louis Robert</subfield></datafield><datafield ind1="0" ind2="0" tag="505"><subfield code="g">Bd. 8</subfield><subfield code="t">Inscriptions en langue carienne</subfield><subfield code="t">Monuments de gladiateurs dans l'orient grec</subfield><subfield code="t">Inscription de Nehavend</subfield></datafield><datafield ind1="0" ind2="0" tag="505"><subfield code="g">Bd. 9</subfield><subfield code="t">Inscriptions et reliefs d'Asie Mineure</subfield><subfield code="r">par Jeanne Robert et Louis Robert</subfield></datafield><datafield ind1="0" ind2="0" tag="505"><subfield code="g">Bd. 10</subfield><subfield code="t">Dédicaces et reliefs votifs</subfield><subfield code="t">Villes, cultes, monnaies et inscriptions de Lycie et de Carie</subfield><subfield code="t">Inscriptions et topographie</subfield><subfield code="t">Inscriptions de Phocée et des Dardanelles</subfield><subfield code="t">Péripolarques</subfield><subfield code="t">Monnaie de Thibron</subfield></datafield><datafield ind1="0" ind2="0" tag="505"><subfield code="g">Vol. 13:</subfield><subfield code="t">D'Aphrodisias à la Lycaonie : comptes rendus du volume VIII des Monumenta Asiae Minoris antiqua. - 1965. - 39 f. de pl</subfield></datafield><datafield ind1="0" ind2="0" tag="505"><subfield code="g">Bd. 4</subfield><subfield code="t">Épigrammes du Bas-Empire</subfield></datafield><datafield ind1=" " ind2="7" tag="650"><subfield code="a">Monnaies grecques</subfield><subfield code="0">(IDREF)02803130X</subfield><subfield code="2">idref</subfield></datafield><datafield ind1=" " ind2="7" tag="650"><subfield code="a">inscription grecque</subfield><subfield code="0">(RERO)A009987619</subfield><subfield code="2">rerovoc</subfield></datafield><datafield ind1=" " ind2="7" tag="650"><subfield code="a">institution (sociologie)</subfield><subfield code="0">(RERO)A009957552</subfield><subfield code="2">rerovoc</subfield></datafield><datafield ind1=" " ind2="7" tag="650"><subfield code="a">Épigrammes grecques</subfield><subfield code="0">(IDREF)028195647</subfield><subfield code="2">idref</subfield></datafield><datafield ind1=" " ind2="0" tag="650"><subfield code="a">Epigrams, Greek</subfield></datafield><datafield ind1=" " ind2="0" tag="650"><subfield code="a">Inscriptions, Greek</subfield></datafield><datafield ind1=" " ind2="0" tag="650"><subfield code="a">Inscriptions, Greek</subfield><subfield code="z">Greece</subfield></datafield><datafield ind1=" " ind2="0" tag="650"><subfield code="a">Numismatics, Greek</subfield></datafield><datafield ind1=" " ind2="7" tag="651"><subfield code="a">Grèce</subfield><subfield code="y">Jusqu'à 395</subfield><subfield code="0">(IDREF)027355802</subfield><subfield code="2">idref</subfield></datafield><datafield ind1=" " ind2="0" tag="651"><subfield code="a">Greece</subfield><subfield code="x">Antiquities</subfield></datafield><datafield ind1=" " ind2="7" tag="655"><subfield code="a">[Études diverses]</subfield><subfield code="0">(RERO)A022249905</subfield><subfield code="2">rero</subfield></datafield><datafield ind1=" " ind2="7" tag="655"><subfield code="a">Aufsatzsammlung</subfield><subfield code="2">gnd-content</subfield></datafield><datafield ind1=" " ind2=" " tag="690"><subfield code="a">Griechenland (Altertum) / Archäologie</subfield><subfield code="2">uzb-Z9</subfield></datafield><datafield ind1=" " ind2=" " tag="690"><subfield code="a">Griechische Inschriften / Ausgaben / Anthologien, Sammelwerke / 1920- ersch.</subfield><subfield code="2">uzb-Z9</subfield></datafield><datafield ind1=" " ind2=" " tag="690"><subfield code="a">Münze / Einzelne Gebiete und Orte / Europa / Griechenland : Einz.Zeiträume / Altertum / 1900- ersch.</subfield><subfield code="2">uzb-Z9</subfield></datafield><datafield ind1=" " ind2=" " tag="690"><subfield code="a">Griechenland : Inschriften</subfield><subfield code="2">uzb-UL</subfield></datafield><datafield ind1="1" ind2=" " tag="700"><subfield code="a">Segre, Michael</subfield></datafield><datafield ind1="1" ind2="2" tag="700"><subfield code="a">Segre, Michael</subfield><subfield code="t">Institution des Nikephoria de Pergame</subfield></datafield><datafield ind1="1" ind2=" " tag="700"><subfield code="a">Segre, Mario</subfield><subfield code="0">(RERO)A003818555</subfield></datafield><datafield ind1="1" ind2=" " tag="700"><subfield code="a">Robert, Jeanne</subfield><subfield code="0">(RERO)A003750849</subfield></datafield><datafield ind1="1" ind2=" " tag="700"><subfield code="a">Robert, Louis</subfield><subfield code="d">1904-1985</subfield><subfield code="0">(IDREF)02710320X</subfield></datafield><datafield ind1=" " ind2=" " tag="900"><subfield code="a">REROnoselfmerge</subfield></datafield><datafield ind1=" " ind2=" " tag="900"><subfield code="a">IDSZRMedeaZBZ</subfield><subfield code="b">IDSZRMehrbändig</subfield></datafield><datafield ind1=" " ind2=" " tag="900"><subfield code="f">IDSU2medea</subfield></datafield></record>
</metadata></record>