<record><header><identifier>oai:alma.41SLSP_UGE:991000107729705502</identifier><datestamp>2023-04-08T00:16:09Z</datestamp><setSpec>uge_bcen_RapidILL_BOOK</setSpec><setSpec>uge_aaca_RapidILL_BOOK</setSpec><setSpec>uge_abels_RapidILL_BOOK</setSpec><setSpec>uge_dbu_RapidILL_BOOK</setSpec><setSpec>uge_cmu_RapidILL_BOOK</setSpec><setSpec>uge_mail_RapidILL_BOOK</setSpec><setSpec>uge_abbat_RapidILL_BOOK</setSpec><setSpec>UNIGE_ALL</setSpec><setSpec>uge_aobs_RapidILL_BOOK</setSpec><setSpec>uge_acar_RapidILL_BOOK</setSpec></header><metadata>
<record xmlns="http://www.loc.gov/MARC21/slim" xmlns:xsi="http://www.w3.org/2001/XMLSchema-instance" xsi:schemaLocation="http://www.loc.gov/MARC21/slim http://www.loc.gov/standards/marcxml/schema/MARC21slim.xsd"><leader>02385nam a2200565 c 4500</leader><controlfield tag="001">991000107729705502</controlfield><controlfield tag="005">20230406200944.0</controlfield><controlfield tag="008">201011s2013    fr ||||| |||| 00| ||fre d</controlfield><datafield ind1=" " ind2=" " tag="020"><subfield code="a">9782342000641</subfield><subfield code="q">pbk.</subfield></datafield><datafield ind1=" " ind2=" " tag="020"><subfield code="a">2342000642</subfield><subfield code="q">pbk.</subfield></datafield><datafield ind1="7" ind2=" " tag="024"><subfield code="a">http://catalogue.bnf.fr/ark:/12148/cb437697144</subfield><subfield code="2">uri</subfield></datafield><datafield ind1=" " ind2=" " tag="035"><subfield code="a">(swissbib)227430670-41slsp_network</subfield></datafield><datafield ind1=" " ind2=" " tag="035"><subfield code="a">227430670</subfield><subfield code="9">ExL</subfield></datafield><datafield ind1=" " ind2=" " tag="035"><subfield code="a">(RERO)R007272158-41slsp</subfield></datafield><datafield ind1=" " ind2=" " tag="035"><subfield code="a">(NEBIS)010286424EBI01</subfield></datafield><datafield ind1=" " ind2=" " tag="035"><subfield code="a">(OCoLC)849870571</subfield></datafield><datafield ind1=" " ind2=" " tag="035"><subfield code="a">(EXLNZ-41SLSP_NETWORK)991008231339705501</subfield></datafield><datafield ind1=" " ind2=" " tag="040"><subfield code="a">RERO geheid</subfield><subfield code="d">CH-ZuSLS</subfield></datafield><datafield ind1=" " ind2=" " tag="050"><subfield code="a">KZ7220</subfield><subfield code="b">.K37 2013</subfield></datafield><datafield ind1=" " ind2="7" tag="072"><subfield code="a">dr</subfield><subfield code="2">rero</subfield></datafield><datafield ind1=" " ind2=" " tag="084"><subfield code="a">D 19 h</subfield><subfield code="2">cjurrom</subfield></datafield><datafield ind1=" " ind2=" " tag="084"><subfield code="a">D 42 h</subfield><subfield code="2">cjurrom</subfield></datafield><datafield ind1="1" ind2=" " tag="100"><subfield code="a">Katouya, Kevin Constant</subfield><subfield code="d">1979-....</subfield><subfield code="0">(IDREF)148033288</subfield><subfield code="4">cre</subfield></datafield><datafield ind1="1" ind2="0" tag="245"><subfield code="a">Réflexions sur les instruments de droit pénal international et européen de lutte contre le terrorisme</subfield><subfield code="c">Kevin Constant Katouya</subfield></datafield><datafield ind1=" " ind2="1" tag="264"><subfield code="a">Paris</subfield><subfield code="b">Publibook</subfield><subfield code="c">2013</subfield></datafield><datafield ind1=" " ind2=" " tag="300"><subfield code="a">565 p.</subfield><subfield code="b">ill.</subfield></datafield><datafield ind1=" " ind2=" " tag="336"><subfield code="b">txt</subfield><subfield code="2">rdacontent</subfield></datafield><datafield ind1=" " ind2=" " tag="337"><subfield code="b">n</subfield><subfield code="2">rdamedia</subfield></datafield><datafield ind1=" " ind2=" " tag="338"><subfield code="b">nc</subfield><subfield code="2">rdacarrier</subfield></datafield><datafield ind1="0" ind2=" " tag="490"><subfield code="a">Droit &amp; Sciences Politiques</subfield></datafield><datafield ind1="0" ind2=" " tag="490"><subfield code="a">Colloque et revues - cours. Recherches</subfield></datafield><datafield ind1="0" ind2=" " tag="490"><subfield code="a">Collection Géopolitique et sciences politiques</subfield></datafield><datafield ind1=" " ind2=" " tag="500"><subfield code="a">Diss. Univ. Nancy II, 2010</subfield></datafield><datafield ind1=" " ind2=" " tag="504"><subfield code="a">Includes bibliographical references (pages 497-539) and index</subfield></datafield><datafield ind1=" " ind2="7" tag="650"><subfield code="a">Völkerstrafrecht</subfield><subfield code="0">(DE-588)4188481-4</subfield><subfield code="2">gnd</subfield></datafield><datafield ind1=" " ind2="7" tag="650"><subfield code="a">Terrorismus</subfield><subfield code="0">(DE-588)4059534-1</subfield><subfield code="2">gnd</subfield></datafield><datafield ind1=" " ind2="7" tag="650"><subfield code="a">Bekämpfung</subfield><subfield code="0">(DE-588)4112701-8</subfield><subfield code="2">gnd</subfield></datafield><datafield ind1=" " ind2="0" tag="650"><subfield code="a">Terrorism (International law)</subfield></datafield><datafield ind1=" " ind2="0" tag="650"><subfield code="a">Terrorism</subfield><subfield code="x">Prevention</subfield><subfield code="x">Law and legislation</subfield><subfield code="z">European Union countries</subfield></datafield><datafield ind1=" " ind2="0" tag="650"><subfield code="a">Terrorism</subfield><subfield code="x">Prevention</subfield><subfield code="x">Law and legislation</subfield><subfield code="z">Africa</subfield></datafield><datafield ind1=" " ind2="0" tag="650"><subfield code="a">Terrorism</subfield><subfield code="x">Prevention</subfield><subfield code="x">International cooperation</subfield></datafield><datafield ind1=" " ind2="7" tag="650"><subfield code="a">Terrorism (International law)</subfield><subfield code="2">fast</subfield></datafield><datafield ind1=" " ind2="7" tag="650"><subfield code="a">Terrorism</subfield><subfield code="x">Prevention</subfield><subfield code="x">International cooperation</subfield><subfield code="2">fast</subfield></datafield><datafield ind1=" " ind2="7" tag="650"><subfield code="a">Terrorism</subfield><subfield code="x">Prevention</subfield><subfield code="x">Law and legislation</subfield><subfield code="2">fast</subfield></datafield><datafield ind1=" " ind2="7" tag="651"><subfield code="a">Africa</subfield><subfield code="2">fast</subfield></datafield><datafield ind1=" " ind2="7" tag="651"><subfield code="a">Europe</subfield><subfield code="z">European Union countries</subfield><subfield code="2">fast</subfield></datafield><datafield ind1=" " ind2="7" tag="655"><subfield code="a">Hochschulschrift</subfield><subfield code="2">gnd-content</subfield></datafield><datafield ind1="4" ind2=" " tag="856"><subfield code="3">Titelblatt und Inhaltsverzeichnis</subfield><subfield code="u">https://toc.library.ethz.ch/objects/pdf03/z16_978-2-342-00064-1_01.pdf</subfield><subfield code="q">pdf</subfield></datafield><datafield ind1=" " ind2=" " tag="900"><subfield code="a">IDSZ2rwimon201504f</subfield><subfield code="c">IDSZ2rosi 150422</subfield><subfield code="d">IDSZ2rwiswk201505b</subfield><subfield code="e">IDSZ2basc</subfield></datafield><datafield ind1=" " ind2=" " tag="911"><subfield code="a">100</subfield><subfield code="a">Katouya, Kevin Constant</subfield><subfield code="d">1979-</subfield></datafield><datafield ind1=" " ind2=" " tag="949"><subfield code="a">https://toc.library.ethz.ch/objects/pdf03/z16_978-2-342-00064-1_01.pdf</subfield></datafield><datafield ind1=" " ind2=" " tag="961"><subfield code="2">gsi</subfield><subfield code="a">323.28</subfield><subfield code="9">LOCAL</subfield></datafield></record>
</metadata></record>