<record><header><identifier>oai:alma.41SLSP_UGE:991000106899705502</identifier><datestamp>2024-03-09T01:43:35Z</datestamp><setSpec>uge_bcen_RapidILL_BOOK</setSpec><setSpec>uge_aaca_RapidILL_BOOK</setSpec><setSpec>uge_abels_RapidILL_BOOK</setSpec><setSpec>uge_dbu_RapidILL_BOOK</setSpec><setSpec>uge_cmu_RapidILL_BOOK</setSpec><setSpec>uge_mail_RapidILL_BOOK</setSpec><setSpec>uge_abbat_RapidILL_BOOK</setSpec><setSpec>UNIGE_ALL</setSpec><setSpec>uge_acar_RapidILL_BOOK</setSpec><setSpec>uge_aobs_RapidILL_BOOK</setSpec></header><metadata>
<record xmlns="http://www.loc.gov/MARC21/slim" xmlns:xsi="http://www.w3.org/2001/XMLSchema-instance" xsi:schemaLocation="http://www.loc.gov/MARC21/slim http://www.loc.gov/standards/marcxml/schema/MARC21slim.xsd"><leader>03169nam a2200889 c 4500</leader><controlfield tag="001">991000106899705502</controlfield><controlfield tag="005">20240308032228.0</controlfield><controlfield tag="008">201011s1997    gw ||||| |||| 00| ||ger d</controlfield><datafield ind1=" " ind2=" " tag="015"><subfield code="a">93,A34,1293</subfield></datafield><datafield ind1=" " ind2=" " tag="020"><subfield code="a">3890071368</subfield></datafield><datafield ind1=" " ind2=" " tag="035"><subfield code="a">(swissbib)214247732-41slsp_network</subfield></datafield><datafield ind1=" " ind2=" " tag="035"><subfield code="a">214247732</subfield><subfield code="9">ExL</subfield></datafield><datafield ind1=" " ind2=" " tag="035"><subfield code="a">(RERO)R223236160-41slsp</subfield></datafield><datafield ind1=" " ind2=" " tag="035"><subfield code="a">(IDSBB)001455981DSV01</subfield></datafield><datafield ind1=" " ind2=" " tag="035"><subfield code="a">(IDSLU)000104007ILU01</subfield></datafield><datafield ind1=" " ind2=" " tag="035"><subfield code="a">(NEBIS)001856826EBI01</subfield></datafield><datafield ind1=" " ind2=" " tag="035"><subfield code="a">(ABN)000089767ABN01</subfield></datafield><datafield ind1=" " ind2=" " tag="035"><subfield code="a">(EXLNZ-41SLSP_NETWORK)991094437969705501</subfield></datafield><datafield ind1=" " ind2=" " tag="040"><subfield code="a">RERO nebpun</subfield><subfield code="d">CH-ZuSLS</subfield></datafield><datafield ind1=" " ind2="7" tag="072"><subfield code="a">mu</subfield><subfield code="2">rero</subfield></datafield><datafield ind1=" " ind2="7" tag="072"><subfield code="a">mu</subfield><subfield code="2">SzZuIDS BS/BE</subfield></datafield><datafield ind1=" " ind2="7" tag="072"><subfield code="a">480</subfield><subfield code="2">IDS LU</subfield></datafield><datafield ind1="0" ind2="0" tag="082"><subfield code="a">782.1/09/034</subfield><subfield code="2">21</subfield></datafield><datafield ind1="1" ind2="4" tag="082"><subfield code="a">782.109034</subfield><subfield code="2">21</subfield></datafield><datafield ind1="1" ind2="4" tag="082"><subfield code="a">780</subfield><subfield code="2">15</subfield></datafield><datafield ind1=" " ind2=" " tag="084"><subfield code="a">AP 71200</subfield><subfield code="2">rvk</subfield></datafield><datafield ind1=" " ind2=" " tag="084"><subfield code="a">LP 19000</subfield><subfield code="2">rvk</subfield></datafield><datafield ind1=" " ind2=" " tag="084"><subfield code="a">LR 53050</subfield><subfield code="2">rvk</subfield></datafield><datafield ind1=" " ind2=" " tag="084"><subfield code="a">LR 54171</subfield><subfield code="2">rvk</subfield></datafield><datafield ind1=" " ind2=" " tag="084"><subfield code="a">LR 54530</subfield><subfield code="2">rvk</subfield></datafield><datafield ind1=" " ind2=" " tag="084"><subfield code="a">LR 54534</subfield><subfield code="2">rvk</subfield></datafield><datafield ind1="1" ind2=" " tag="100"><subfield code="a">Döhring, Sieghart</subfield><subfield code="d">1939-</subfield><subfield code="6">880-01</subfield><subfield code="0">(DE-588)11801448X</subfield></datafield><datafield ind1="1" ind2=" " tag="880"><subfield code="6">100-01</subfield><subfield code="a">Döhring, Sieghart</subfield><subfield code="0">(IDREF)084362413</subfield><subfield code="4">cre</subfield></datafield><datafield ind1="1" ind2="0" tag="245"><subfield code="a">Oper und Musikdrama im 19. Jahrhundert</subfield><subfield code="c">Sieghart Döhring, Sabine Henze-Döhring</subfield></datafield><datafield ind1=" " ind2="1" tag="264"><subfield code="a">Laaber</subfield><subfield code="b">Laaber-Verl.</subfield><subfield code="c">1997</subfield></datafield><datafield ind1=" " ind2=" " tag="300"><subfield code="a">VI, 360 S.</subfield><subfield code="b">Ill., Noten</subfield><subfield code="c">29 cm</subfield></datafield><datafield ind1=" " ind2=" " tag="336"><subfield code="b">txt</subfield><subfield code="2">rdacontent</subfield></datafield><datafield ind1=" " ind2=" " tag="337"><subfield code="b">n</subfield><subfield code="2">rdamedia</subfield></datafield><datafield ind1=" " ind2=" " tag="338"><subfield code="b">nc</subfield><subfield code="2">rdacarrier</subfield></datafield><datafield ind1="1" ind2=" " tag="490"><subfield code="a">Handbuch der musikalischen Gattungen</subfield><subfield code="v">Bd. 13</subfield></datafield><datafield ind1=" " ind2=" " tag="500"><subfield code="a">Mit 57 Notenbeispielen und 60 Abbildungen</subfield></datafield><datafield ind1=" " ind2=" " tag="504"><subfield code="a">Literaturverz.</subfield></datafield><datafield ind1=" " ind2="7" tag="648"><subfield code="a">Geschichte 1800-1900</subfield><subfield code="2">gnd</subfield></datafield><datafield ind1=" " ind2="7" tag="648"><subfield code="a">Geschichte</subfield><subfield code="2">idszbz</subfield></datafield><datafield ind1=" " ind2="7" tag="648"><subfield code="a">Geschichte 1800-1900</subfield><subfield code="2">idszbz</subfield></datafield><datafield ind1=" " ind2="7" tag="650"><subfield code="a">Opéra</subfield><subfield code="0">(IDREF)027294188</subfield><subfield code="2">idref</subfield></datafield><datafield ind1=" " ind2="7" tag="650"><subfield code="a">19e siècle</subfield><subfield code="0">(IDREF)027794059</subfield><subfield code="2">idref</subfield></datafield><datafield ind1=" " ind2="7" tag="650"><subfield code="a">musique dramatique profane</subfield><subfield code="0">(RERO)A010012272</subfield><subfield code="2">rerovoc</subfield></datafield><datafield ind1=" " ind2="7" tag="650"><subfield code="a">Oper</subfield><subfield code="y">Geschichte 19. Jh</subfield><subfield code="2">idsbb</subfield></datafield><datafield ind1=" " ind2="7" tag="650"><subfield code="a">Musikdrama</subfield><subfield code="y">Geschichte 19. Jh</subfield><subfield code="2">idsbb</subfield></datafield><datafield ind1=" " ind2="7" tag="650"><subfield code="a">Oper</subfield><subfield code="0">(DE-588)4043582-9</subfield><subfield code="2">gnd</subfield></datafield><datafield ind1=" " ind2="7" tag="650"><subfield code="a">Musiktheater</subfield><subfield code="0">(DE-588)4040874-7</subfield><subfield code="2">gnd</subfield></datafield><datafield ind1=" " ind2="7" tag="650"><subfield code="a">Musikgattung</subfield><subfield code="0">(DE-588)4170824-6</subfield><subfield code="2">gnd</subfield></datafield><datafield ind1=" " ind2="7" tag="650"><subfield code="a">Singspiel</subfield><subfield code="0">(DE-588)4181515-4</subfield><subfield code="2">gnd</subfield></datafield><datafield ind1=" " ind2="7" tag="650"><subfield code="a">Oper</subfield><subfield code="2">idszbz</subfield></datafield><datafield ind1=" " ind2="0" tag="650"><subfield code="a">Opera</subfield><subfield code="y">19th century</subfield></datafield><datafield ind1=" " ind2="0" tag="650"><subfield code="a">Opera</subfield><subfield code="z">Europe</subfield><subfield code="y">19th century</subfield></datafield><datafield ind1=" " ind2="7" tag="655"><subfield code="y">19. Jh.</subfield><subfield code="2">idsmusg</subfield></datafield><datafield ind1=" " ind2=" " tag="690"><subfield code="a">Musikgeschichte 1750-1900 Romantik</subfield><subfield code="2">ubs-A9</subfield></datafield><datafield ind1=" " ind2=" " tag="690"><subfield code="a">Oper, Musikdrama 1750-1900</subfield><subfield code="2">ubs-A9</subfield></datafield><datafield ind1=" " ind2=" " tag="690"><subfield code="a">Oper. Geschichte. 19. Jh.</subfield><subfield code="2">rzs-L1</subfield></datafield><datafield ind1=" " ind2=" " tag="690"><subfield code="a">Musiktheater. Geschichte. 19. Jh.</subfield><subfield code="2">rzs-L1</subfield></datafield><datafield ind1=" " ind2=" " tag="690"><subfield code="a">Theorie</subfield><subfield code="2">rzs-L7</subfield></datafield><datafield ind1=" " ind2=" " tag="690"><subfield code="a">19. Jahrhundert</subfield><subfield code="2">rzs-L8</subfield></datafield><datafield ind1=" " ind2=" " tag="690"><subfield code="a">Oper</subfield><subfield code="2">rzs-L8</subfield></datafield><datafield ind1=" " ind2=" " tag="690"><subfield code="a">Musikdrama</subfield><subfield code="2">rzs-L8</subfield></datafield><datafield ind1=" " ind2=" " tag="690"><subfield code="a">19. Jh.</subfield><subfield code="2">nebis-E4</subfield></datafield><datafield ind1=" " ind2=" " tag="690"><subfield code="a">Oper</subfield><subfield code="2">uzb-UV</subfield></datafield><datafield ind1=" " ind2=" " tag="690"><subfield code="a">19. Jh.</subfield><subfield code="2">uzb-UV</subfield></datafield><datafield ind1=" " ind2=" " tag="690"><subfield code="a">Musikdrama</subfield><subfield code="2">uzb-UV</subfield></datafield><datafield ind1=" " ind2=" " tag="690"><subfield code="a">Singspiel</subfield><subfield code="2">uzb-UV</subfield></datafield><datafield ind1="1" ind2=" " tag="700"><subfield code="a">Henze-Döhring, Sabine</subfield><subfield code="d">1953-</subfield><subfield code="6">880-02</subfield><subfield code="0">(DE-588)118014447</subfield></datafield><datafield ind1="1" ind2=" " tag="880"><subfield code="6">700-02</subfield><subfield code="a">Henze-Döhring, Sabine</subfield><subfield code="d">1953-....</subfield><subfield code="0">(IDREF)035326204</subfield></datafield><datafield ind1=" " ind2="0" tag="830"><subfield code="a">Handbuch der musikalischen Gattungen</subfield><subfield code="v">13</subfield><subfield code="w">(RERO)1733226-41slsp</subfield></datafield><datafield ind1=" " ind2="0" tag="830"><subfield code="a">Handbuch der musikalischen Gattungen</subfield><subfield code="v">13</subfield><subfield code="w">(NEBIS)001001218EBI01</subfield></datafield><datafield ind1="4" ind2=" " tag="856"><subfield code="3">Inhaltsverzeichnis</subfield><subfield code="u">http://www.ub.unibas.ch/tox/HBZ/HT007960830/PDF</subfield><subfield code="q">pdf</subfield></datafield><datafield ind1=" " ind2=" " tag="900"><subfield code="a">REROnoselfmerge</subfield></datafield><datafield ind1=" " ind2=" " tag="949"><subfield code="a">http://www.ub.unibas.ch/tox/HBZ/HT007960830/PDF</subfield></datafield><datafield ind1=" " ind2=" " tag="960"><subfield code="2">matmu</subfield><subfield code="a">XIXe ; Romantisme ; opéra ; drame musical</subfield><subfield code="9">LOCAL</subfield></datafield></record>
</metadata></record>