<record><header><identifier>oai:alma.41SLSP_UGE:991000107839705502</identifier><datestamp>2023-03-01T01:10:20Z</datestamp><setSpec>uge_bcen_RapidILL_BOOK</setSpec><setSpec>uge_aaca_RapidILL_BOOK</setSpec><setSpec>uge_abels_RapidILL_BOOK</setSpec><setSpec>uge_dbu_RapidILL_BOOK</setSpec><setSpec>uge_cmu_RapidILL_BOOK</setSpec><setSpec>uge_mail_RapidILL_BOOK</setSpec><setSpec>UNIGE_ALL</setSpec><setSpec>uge_abbat_RapidILL_BOOK</setSpec><setSpec>uge_aobs_RapidILL_BOOK</setSpec><setSpec>uge_acar_RapidILL_BOOK</setSpec></header><metadata>
<record xmlns="http://www.loc.gov/MARC21/slim" xmlns:xsi="http://www.w3.org/2001/XMLSchema-instance" xsi:schemaLocation="http://www.loc.gov/MARC21/slim http://www.loc.gov/standards/marcxml/schema/MARC21slim.xsd"><leader>01287nam a2200289 c 4500</leader><controlfield tag="001">991000107839705502</controlfield><controlfield tag="005">20201225192107.0</controlfield><controlfield tag="008">930713s1992    sz ||||| |||| 00| ||ger d</controlfield><datafield ind1=" " ind2=" " tag="035"><subfield code="a">(swissbib)087761831-41slsp_network</subfield></datafield><datafield ind1=" " ind2=" " tag="035"><subfield code="a">087761831</subfield><subfield code="9">ExL</subfield></datafield><datafield ind1=" " ind2=" " tag="035"><subfield code="a">(RERO)1710599-41slsp</subfield></datafield><datafield ind1=" " ind2=" " tag="035"><subfield code="a">(EXLNZ-41SLSP_NETWORK)991147958949705501</subfield></datafield><datafield ind1=" " ind2=" " tag="040"><subfield code="a">RERO geussa</subfield><subfield code="d">CH-ZuSLS</subfield></datafield><datafield ind1=" " ind2=" " tag="044"><subfield code="a">sz</subfield><subfield code="c">ch-ge</subfield></datafield><datafield ind1=" " ind2="7" tag="072"><subfield code="a">bi</subfield><subfield code="2">rero</subfield></datafield><datafield ind1="0" ind2="0" tag="245"><subfield code="a">Zustand, Erhaltung und Schutz der Ufer des Sempachersees</subfield><subfield code="b">pflanzenökologische und morphologische Beurteilung</subfield><subfield code="c">Beauftr.: Jean-Bernard Lachavanne ; Autoren: Alain Demierre... [et al.] ; Mitarb.: Dominique Auderset... [et al.] ; Übersetz.: Carmen Grosclaude</subfield></datafield><datafield ind1=" " ind2="1" tag="264"><subfield code="a">Zürich</subfield><subfield code="b">Bundesamt für Umwelt Wald und Landschaft</subfield><subfield code="a">Genf</subfield><subfield code="b">Universität Genf</subfield><subfield code="c">1992</subfield></datafield><datafield ind1=" " ind2=" " tag="300"><subfield code="a">81 p.</subfield><subfield code="c">30 cm</subfield></datafield><datafield ind1=" " ind2=" " tag="336"><subfield code="b">txt</subfield><subfield code="2">rdacontent</subfield></datafield><datafield ind1=" " ind2=" " tag="337"><subfield code="b">n</subfield><subfield code="2">rdamedia</subfield></datafield><datafield ind1=" " ind2=" " tag="338"><subfield code="b">nc</subfield><subfield code="2">rdacarrier</subfield></datafield><datafield ind1=" " ind2=" " tag="508"><subfield code="a">Autre(s) auteur(s): Raphaëlle Juge, Jean Perfetta, Diana Cambin, Denis Chatelain, Beat Oertli, Christian Oihenart</subfield></datafield><datafield ind1="1" ind2=" " tag="700"><subfield code="a">Lachavanne, Jean-Bernard</subfield><subfield code="0">(RERO)A003487562</subfield></datafield><datafield ind1="1" ind2=" " tag="700"><subfield code="a">Demierre, Alain</subfield><subfield code="0">(RERO)A003168568</subfield></datafield><datafield ind1="1" ind2=" " tag="700"><subfield code="a">Juge, Raphaëlle</subfield><subfield code="0">(IDREF)081863942</subfield></datafield><datafield ind1="1" ind2=" " tag="700"><subfield code="a">Perfetta, Jean</subfield><subfield code="0">(RERO)A003682009</subfield></datafield><datafield ind1="1" ind2=" " tag="700"><subfield code="a">Auderset Joye, Dominique</subfield><subfield code="0">(RERO)A000013982</subfield></datafield><datafield ind1=" " ind2=" " tag="900"><subfield code="a">REROnoselfmerge</subfield></datafield></record>
</metadata></record>