<record><header><identifier>oai:alma.41SLSP_UGE:991000107639705502</identifier><datestamp>2024-09-13T00:22:07Z</datestamp><setSpec>uge_cmu_RapidILL_JOURNAL</setSpec><setSpec>uge_aobs_RapidILL_JOURNAL</setSpec><setSpec>uge_aaca_RapidILL_JOURNAL</setSpec><setSpec>uge_bcen_RapidILL_JOURNAL</setSpec><setSpec>uge_abbat_RapidILL_JOURNAL</setSpec><setSpec>uge_dbu_RapidILL_JOURNAL</setSpec><setSpec>uge_mail_RapidILL_JOURNAL</setSpec><setSpec>uge_abels_RapidILL_JOURNAL</setSpec><setSpec>UNIGE_ALL</setSpec><setSpec>uge_acar_RapidILL_JOURNAL</setSpec></header><metadata>
<record xmlns="http://www.loc.gov/MARC21/slim" xmlns:xsi="http://www.w3.org/2001/XMLSchema-instance" xsi:schemaLocation="http://www.loc.gov/MARC21/slim http://www.loc.gov/standards/marcxml/schema/MARC21slim.xsd"><leader>02274nas a2200517 c 4500</leader><controlfield tag="001">991000107639705502</controlfield><controlfield tag="005">20240912204644.0</controlfield><controlfield tag="008">201011d19651974sz  | p       0    |ger|d</controlfield><datafield ind1="7" ind2=" " tag="016"><subfield code="a">221677-2</subfield><subfield code="2">ZDB</subfield></datafield><datafield ind1=" " ind2=" " tag="022"><subfield code="a">0033-8346</subfield></datafield><datafield ind1=" " ind2=" " tag="035"><subfield code="a">(swissbib)226990885-41slsp_network</subfield></datafield><datafield ind1=" " ind2=" " tag="035"><subfield code="a">226990885</subfield><subfield code="9">ExL</subfield></datafield><datafield ind1=" " ind2=" " tag="035"><subfield code="a">(NEBIS)000026878EBI01</subfield></datafield><datafield ind1=" " ind2=" " tag="035"><subfield code="a">(RERO)0708792-41slsp</subfield></datafield><datafield ind1=" " ind2=" " tag="035"><subfield code="a">(IDSBB)000013759DSV01</subfield></datafield><datafield ind1=" " ind2=" " tag="035"><subfield code="a">(EXLNZ-41SLSP_NETWORK)991108873779705501</subfield></datafield><datafield ind1=" " ind2=" " tag="040"><subfield code="a">SzZuIDS NEBIS ETH-BIB</subfield><subfield code="d">CH-ZuSLS</subfield></datafield><datafield ind1="0" ind2=" " tag="041"><subfield code="a">ger</subfield><subfield code="a">eng</subfield><subfield code="a">fre</subfield></datafield><datafield ind1=" " ind2="7" tag="072"><subfield code="a">me</subfield><subfield code="2">rero</subfield></datafield><datafield ind1=" " ind2="7" tag="072"><subfield code="a">me</subfield><subfield code="2">SzZuIDS BS/BE</subfield></datafield><datafield ind1="1" ind2="4" tag="082"><subfield code="a">610</subfield><subfield code="2">15</subfield></datafield><datafield ind1="0" ind2=" " tag="210"><subfield code="a">Radiol Clin Biol</subfield></datafield><datafield ind1="0" ind2="0" tag="245"><subfield code="a">Radiologia clinica et biologica</subfield><subfield code="b">international radiological review : internationale radiologische Rundschau : revue internationale de radiologie</subfield><subfield code="c">Organ der Schweizerischen Vereinigung für Radiologie, Nuklearmedizin und Strahlenbiologie ... [et al.]</subfield></datafield><datafield ind1="1" ind2="3" tag="246"><subfield code="a">Radiologische Rundschau</subfield></datafield><datafield ind1=" " ind2="1" tag="264"><subfield code="a">Basel</subfield><subfield code="b">Karger</subfield></datafield><datafield ind1=" " ind2=" " tag="300"><subfield code="c">25 cm</subfield></datafield><datafield ind1=" " ind2=" " tag="310"><subfield code="a">Bimestriel</subfield></datafield><datafield ind1=" " ind2=" " tag="336"><subfield code="b">txt</subfield><subfield code="2">rdacontent</subfield></datafield><datafield ind1=" " ind2=" " tag="337"><subfield code="b">n</subfield><subfield code="2">rdamedia</subfield></datafield><datafield ind1=" " ind2=" " tag="338"><subfield code="b">nc</subfield><subfield code="2">rdacarrier</subfield></datafield><datafield ind1="0" ind2=" " tag="362"><subfield code="a">Vol. 34 (1965)-vol. 43 (1974)</subfield></datafield><datafield ind1=" " ind2=" " tag="500"><subfield code="a">Weitere Mitherausgeber: Netherlands Society of Radiology (ab 1967); Oesterreichische Röntgengesellschaft (1971-73)</subfield></datafield><datafield ind1=" " ind2=" " tag="580"><subfield code="a">Fait suite à et redevient: Radiologia clinica</subfield></datafield><datafield ind1=" " ind2=" " tag="580"><subfield code="a">A pour suppl.: Bibliotheca radiologica, vol. 5</subfield></datafield><datafield ind1=" " ind2="7" tag="650"><subfield code="a">NUKLEARMEDIZIN + RADIOMEDIZIN</subfield><subfield code="9">ger</subfield><subfield code="0">(ETHUDK)000026872</subfield><subfield code="2">ethudk</subfield></datafield><datafield ind1=" " ind2="7" tag="650"><subfield code="a">PHOTOBIOLOGIE + RADIOBIOLOGIE</subfield><subfield code="9">ger</subfield><subfield code="0">(ETHUDK)000022936</subfield><subfield code="2">ethudk</subfield></datafield><datafield ind1=" " ind2="7" tag="655"><subfield code="a">Zeitschrift</subfield><subfield code="2">gnd-content</subfield></datafield><datafield ind1="2" ind2=" " tag="710"><subfield code="a">Société suisse de radiologie et de médecine nucléaire</subfield><subfield code="0">(RERO)A000153260</subfield></datafield><datafield ind1="2" ind2=" " tag="710"><subfield code="a">Schweizerische Gesellschaft für Radiologie und Nuklearmedizin</subfield><subfield code="0">(DE-588)1042006-X</subfield></datafield><datafield ind1="2" ind2=" " tag="710"><subfield code="a">Nederlandse Vereniging voor Radiologie</subfield><subfield code="0">(DE-588)1012818-9</subfield></datafield><datafield ind1="2" ind2=" " tag="710"><subfield code="a">Österreichische Röntgen-Gesellschaft</subfield><subfield code="0">(DE-588)2030196-0</subfield></datafield><datafield ind1="0" ind2="0" tag="785"><subfield code="t">Radiologia clinica</subfield><subfield code="w">(swissbib)227003438-41slsp_network</subfield></datafield><datafield ind1="0" ind2="0" tag="780"><subfield code="t">Radiologia clinica</subfield><subfield code="w">(IDSBB)000013758DSV01</subfield></datafield><datafield ind1="0" ind2=" " tag="770"><subfield code="t">Bibliotheca radiologica</subfield><subfield code="w">(RERO)0804782-41slsp</subfield></datafield><datafield ind1="0" ind2="0" tag="780"><subfield code="i">Vorgänger-Titel und Fortsetzung</subfield><subfield code="t">Radiologia clinica</subfield><subfield code="w">(NEBIS)007808087EBI01</subfield></datafield><datafield ind1=" " ind2=" " tag="900"><subfield code="a">NEBISnoselfmerge</subfield></datafield><datafield ind1=" " ind2=" " tag="900"><subfield code="a">REROnoselfmerge</subfield></datafield></record>
</metadata></record>