<record><header><identifier>oai:alma.41SLSP_UGE:991000106909705502</identifier><datestamp>2024-09-21T00:24:50Z</datestamp><setSpec>uge_bcen_RapidILL_BOOK</setSpec><setSpec>uge_aaca_RapidILL_BOOK</setSpec><setSpec>uge_abels_RapidILL_BOOK</setSpec><setSpec>uge_dbu_RapidILL_BOOK</setSpec><setSpec>uge_cmu_RapidILL_BOOK</setSpec><setSpec>uge_mail_RapidILL_BOOK</setSpec><setSpec>uge_abbat_RapidILL_BOOK</setSpec><setSpec>UNIGE_ALL</setSpec><setSpec>uge_acar_RapidILL_BOOK</setSpec><setSpec>uge_aobs_RapidILL_BOOK</setSpec></header><metadata>
<record xmlns="http://www.loc.gov/MARC21/slim" xmlns:xsi="http://www.w3.org/2001/XMLSchema-instance" xsi:schemaLocation="http://www.loc.gov/MARC21/slim http://www.loc.gov/standards/marcxml/schema/MARC21slim.xsd"><leader>01115naa a2200265 c 4500</leader><controlfield tag="001">991000106909705502</controlfield><controlfield tag="005">20240920205258.0</controlfield><controlfield tag="008">121001s2012    sz ||||| |||| 00| ||ger d</controlfield><datafield ind1=" " ind2=" " tag="035"><subfield code="a">(swissbib)116459743-41slsp_network</subfield></datafield><datafield ind1=" " ind2=" " tag="035"><subfield code="a">116459743</subfield><subfield code="9">ExL</subfield></datafield><datafield ind1=" " ind2=" " tag="035"><subfield code="a">(RERO)R007151858-41slsp</subfield></datafield><datafield ind1=" " ind2=" " tag="035"><subfield code="a">(EXLNZ-41SLSP_NETWORK)991106828919705501</subfield></datafield><datafield ind1=" " ind2=" " tag="040"><subfield code="a">RERO iftaf-</subfield><subfield code="d">CH-ZuSLS</subfield></datafield><datafield ind1=" " ind2=" " tag="044"><subfield code="a">sz</subfield><subfield code="c">ch-zh</subfield></datafield><datafield ind1=" " ind2="7" tag="072"><subfield code="a">dr</subfield><subfield code="2">rero</subfield></datafield><datafield ind1=" " ind2=" " tag="084"><subfield code="a">CA/CH 51.1 i</subfield><subfield code="2">cjurrom</subfield></datafield><datafield ind1="1" ind2=" " tag="100"><subfield code="a">Hänni, Peter</subfield><subfield code="d">1950-....</subfield><subfield code="0">(IDREF)03247735X</subfield><subfield code="4">cre</subfield></datafield><datafield ind1="1" ind2="0" tag="245"><subfield code="a">Stopp für die Zürcher Oberlandautobahn</subfield><subfield code="b">Entscheid des Bundesgerichts vom 12. Juni 2012 (1C_71/2011</subfield><subfield code="c">1C_73/2011 / 1C_77/2011) ; zur BGE-Publikation vorgesehen / Peter Hänni, Thomas Meier</subfield></datafield><datafield ind1=" " ind2=" " tag="336"><subfield code="b">txt</subfield><subfield code="2">rdacontent</subfield></datafield><datafield ind1=" " ind2=" " tag="337"><subfield code="b">n</subfield><subfield code="2">rdamedia</subfield></datafield><datafield ind1=" " ind2=" " tag="338"><subfield code="b">nc</subfield><subfield code="2">rdacarrier</subfield></datafield><datafield ind1=" " ind2=" " tag="500"><subfield code="a">Deutscher Text mit Zusammenfassung in Deutsch und Franz.</subfield></datafield><datafield ind1=" " ind2=" " tag="580"><subfield code="a">In: Baurecht. - Zürich. - 2012, H. 3, S. 163-164</subfield></datafield><datafield ind1="1" ind2=" " tag="700"><subfield code="a">Meier, Thomas</subfield><subfield code="c">juriste</subfield><subfield code="0">(RERO)A012534715</subfield></datafield><datafield ind1="0" ind2=" " tag="773"><subfield code="t">Baurecht : Mitteilungen zum privaten und öffentlichen Baurecht</subfield><subfield code="g">2012/163</subfield><subfield code="g">yr:2012</subfield><subfield code="w">(RERO)0329927-41slsp</subfield></datafield><datafield ind1=" " ind2=" " tag="900"><subfield code="a">REROnoselfmerge</subfield></datafield></record>
</metadata></record>