<record><header><identifier>oai:alma.41SLSP_UGE:991000107849705502</identifier><datestamp>2023-06-26T00:15:07Z</datestamp><setSpec>UNIGE_ALL</setSpec></header><metadata>
<record xmlns="http://www.loc.gov/MARC21/slim" xmlns:xsi="http://www.w3.org/2001/XMLSchema-instance" xsi:schemaLocation="http://www.loc.gov/MARC21/slim http://www.loc.gov/standards/marcxml/schema/MARC21slim.xsd"><leader>02115ngm a2200397 c 4500</leader><controlfield tag="001">991000107849705502</controlfield><controlfield tag="005">20230625102342.0</controlfield><controlfield tag="007">vd |v||||</controlfield><controlfield tag="008">100614s2010    fr ||| |          v|fre d</controlfield><datafield ind1=" " ind2=" " tag="035"><subfield code="a">(swissbib)110471172-41slsp_network</subfield></datafield><datafield ind1=" " ind2=" " tag="035"><subfield code="a">110471172</subfield><subfield code="9">ExL</subfield></datafield><datafield ind1=" " ind2=" " tag="035"><subfield code="a">(RERO)R005466097-41slsp</subfield></datafield><datafield ind1=" " ind2=" " tag="035"><subfield code="a">(EXLNZ-41SLSP_NETWORK)991092099229705501</subfield></datafield><datafield ind1=" " ind2=" " tag="040"><subfield code="a">RERO geumem</subfield><subfield code="d">CH-ZuSLS</subfield></datafield><datafield ind1=" " ind2="7" tag="072"><subfield code="a">td</subfield><subfield code="2">rero</subfield></datafield><datafield ind1=" " ind2="7" tag="072"><subfield code="a">ss</subfield><subfield code="2">rero</subfield></datafield><datafield ind1="0" ind2="0" tag="245"><subfield code="a">&lt;&lt;Des&gt;&gt; femmes enchaînées, des femmes déchaînées</subfield><subfield code="c">un film de Pascale Clark et Jean-Pierre Devillers</subfield></datafield><datafield ind1=" " ind2="1" tag="264"><subfield code="a">[Lieu de publication non identifié]</subfield><subfield code="b">ADLTV</subfield><subfield code="b">Francetélévisions [prod.]</subfield><subfield code="c">2010</subfield></datafield><datafield ind1=" " ind2=" " tag="300"><subfield code="a">1 DVD-R (105 min)</subfield></datafield><datafield ind1=" " ind2=" " tag="336"><subfield code="b">tdi</subfield><subfield code="2">rdacontent</subfield></datafield><datafield ind1=" " ind2=" " tag="337"><subfield code="b">v</subfield><subfield code="2">rdamedia</subfield></datafield><datafield ind1=" " ind2=" " tag="338"><subfield code="b">vd</subfield><subfield code="2">rdacarrier</subfield></datafield><datafield ind1="0" ind2=" " tag="490"><subfield code="a">Hors-série</subfield></datafield><datafield ind1=" " ind2=" " tag="500"><subfield code="a">Durée du film : 86 min.</subfield></datafield><datafield ind1=" " ind2=" " tag="500"><subfield code="a">Diffusé sur France 3, le 24 mai 2010</subfield></datafield><datafield ind1=" " ind2=" " tag="500"><subfield code="a">Images d'archives de provenances diverses</subfield></datafield><datafield ind1="0" ind2=" " tag="505"><subfield code="a">Débat. - 15 min.</subfield></datafield><datafield ind1="0" ind2=" " tag="511"><subfield code="a">Michèle Cotta, éditorialiste ; Tina Kieffer, présidente fondatrice de &quot;Toutes à l'école&quot; ; Daniela Lumbroso, animatrice-productrice</subfield></datafield><datafield ind1="8" ind2=" " tag="520"><subfield code="a">&quot; L'un des tous premiers visages filmés à la télévision française fut féminin, elle s'appelait Jacqueline Joubert. Six décennies de programmes plus tard, les femmes ont conquis à l'écran à peu près tous les métiers en même temps que dans la vie, elles décrochaient des droits. Dans la grande galerie des femmes vues à la télé, figurent des potiches, des pétroleuses, des pionnières, des passionarias, des pom pom girls, comme dans la vie, ou pas tout à fait. De la société ou de la télé, où est le modèle ? Où est le reflet ?</subfield><subfield code="5">RERO/geumem/06.2010</subfield></datafield><datafield ind1=" " ind2="7" tag="650"><subfield code="a">spectateur - influence exercée</subfield><subfield code="0">(RERO)A010152752</subfield><subfield code="2">rerovoc</subfield></datafield><datafield ind1=" " ind2="7" tag="650"><subfield code="a">Télévision</subfield><subfield code="0">(IDREF)02725366X</subfield><subfield code="2">idref</subfield></datafield><datafield ind1=" " ind2="7" tag="650"><subfield code="a">femme - image</subfield><subfield code="0">(RERO)A009989779</subfield><subfield code="2">rerovoc</subfield></datafield><datafield ind1=" " ind2="7" tag="650"><subfield code="a">Médias</subfield><subfield code="0">(IDREF)027237524</subfield><subfield code="2">idref</subfield></datafield><datafield ind1=" " ind2="7" tag="651"><subfield code="a">France</subfield><subfield code="0">(IDREF)027226794</subfield><subfield code="2">idref</subfield></datafield><datafield ind1=" " ind2="7" tag="655"><subfield code="a">DVD</subfield><subfield code="2">idref</subfield><subfield code="0">(IDREF)035108444</subfield></datafield><datafield ind1="1" ind2=" " tag="700"><subfield code="a">Clark, Pascale</subfield><subfield code="d">1963-....</subfield><subfield code="0">(IDREF)057771812</subfield></datafield><datafield ind1="1" ind2=" " tag="700"><subfield code="a">Devillers, Jean-Pierre</subfield><subfield code="0">(RERO)A003176589</subfield></datafield></record>
</metadata></record>