<record><header><identifier>oai:alma.41SLSP_UGE:991000107749705502</identifier><datestamp>2024-03-20T01:45:28Z</datestamp><setSpec>uge_bcen_RapidILL_BOOK</setSpec><setSpec>uge_aaca_RapidILL_BOOK</setSpec><setSpec>uge_abels_RapidILL_BOOK</setSpec><setSpec>uge_dbu_RapidILL_BOOK</setSpec><setSpec>uge_cmu_RapidILL_BOOK</setSpec><setSpec>uge_mail_RapidILL_BOOK</setSpec><setSpec>uge_abbat_RapidILL_BOOK</setSpec><setSpec>UNIGE_ALL</setSpec><setSpec>uge_aobs_RapidILL_BOOK</setSpec><setSpec>uge_acar_RapidILL_BOOK</setSpec></header><metadata>
<record xmlns="http://www.loc.gov/MARC21/slim" xmlns:xsi="http://www.w3.org/2001/XMLSchema-instance" xsi:schemaLocation="http://www.loc.gov/MARC21/slim http://www.loc.gov/standards/marcxml/schema/MARC21slim.xsd"><leader>01324nam a2200313 c 4500</leader><controlfield tag="001">991000107749705502</controlfield><controlfield tag="005">20240319214514.0</controlfield><controlfield tag="008">961003s1575    fr ||||| |||| 00| ||grc d</controlfield><datafield ind1=" " ind2=" " tag="035"><subfield code="a">(swissbib)091729874-41slsp_network</subfield></datafield><datafield ind1=" " ind2=" " tag="035"><subfield code="a">091729874</subfield><subfield code="9">ExL</subfield></datafield><datafield ind1=" " ind2=" " tag="035"><subfield code="a">(RERO)2266187-41slsp</subfield></datafield><datafield ind1=" " ind2=" " tag="035"><subfield code="a">(EXLNZ-41SLSP_NETWORK)991066763909705501</subfield></datafield><datafield ind1=" " ind2=" " tag="040"><subfield code="a">RERO gevbpu</subfield><subfield code="d">CH-ZuSLS</subfield></datafield><datafield ind1="0" ind2=" " tag="041"><subfield code="a">grc</subfield><subfield code="a">lat</subfield></datafield><datafield ind1=" " ind2="7" tag="072"><subfield code="a">th</subfield><subfield code="2">rero</subfield></datafield><datafield ind1=" " ind2=" " tag="084"><subfield code="a">143.A</subfield><subfield code="2">brp</subfield></datafield><datafield ind1="0" ind2=" " tag="100"><subfield code="a">Grégoire de Nazianze</subfield><subfield code="c">saint</subfield><subfield code="d">0330?-0390?</subfield><subfield code="0">(IDREF)026902281</subfield><subfield code="4">cre</subfield></datafield><datafield ind1="1" ind2="0" tag="245"><subfield code="a">D. Gregorii Nazanzeni cognomento theologi Opuscula quaedam, nunc primum in lucem edita, aliaque item versibus reddita, magnaque ex parte Cyri Dadybrensis episcopi commentariis illustrata</subfield><subfield code="c">interprete Jacobo Billio Prunaeo, s. Michaelis in eremo coenobiarcha</subfield></datafield><datafield ind1=" " ind2="1" tag="264"><subfield code="a">Parisiis</subfield><subfield code="b">apud Joannem Benenatum</subfield><subfield code="c">1575</subfield></datafield><datafield ind1=" " ind2=" " tag="300"><subfield code="a">[8], 408, [16] p.</subfield><subfield code="c">8⁰ (16 cm)</subfield></datafield><datafield ind1=" " ind2=" " tag="336"><subfield code="b">txt</subfield><subfield code="2">rdacontent</subfield></datafield><datafield ind1=" " ind2=" " tag="337"><subfield code="b">n</subfield><subfield code="2">rdamedia</subfield></datafield><datafield ind1=" " ind2=" " tag="338"><subfield code="b">nc</subfield><subfield code="2">rdacarrier</subfield></datafield><datafield ind1=" " ind2=" " tag="500"><subfield code="a">Sig. ã⁴, A-Z⁸, a-c⁸, d⁴</subfield></datafield><datafield ind1=" " ind2=" " tag="500"><subfield code="a">Empreinte: idt, e-ac &lt;p*ên&gt; &lt;CHaE*&gt; (3) M.D.LXXV.</subfield></datafield><datafield ind1="0" ind2=" " tag="700"><subfield code="a">Cyrus</subfield><subfield code="c">Dadybrensis</subfield><subfield code="0">(RERO)A012339461</subfield></datafield><datafield ind1="1" ind2=" " tag="700"><subfield code="a">Bienné, Jean</subfield><subfield code="d">15..-1588</subfield><subfield code="0">(IDREF)031110029</subfield><subfield code="4">prt</subfield></datafield><datafield ind1="1" ind2=" " tag="700"><subfield code="a">Billy, Jacques de</subfield><subfield code="d">1535-1581</subfield><subfield code="0">(IDREF)03281755X</subfield></datafield><datafield ind1=" " ind2=" " tag="751"><subfield code="a">Paris (France)</subfield><subfield code="4">pup</subfield><subfield code="0">(IDREF)027244520</subfield></datafield><datafield ind1=" " ind2=" " tag="900"><subfield code="a">REROswissbibnomerge</subfield></datafield><datafield ind1=" " ind2=" " tag="993"><subfield code="a">IHR M 72W</subfield><subfield code="x">ge/uihr/4514</subfield><subfield code="9">LOCAL</subfield></datafield><datafield ind1=" " ind2=" " tag="993"><subfield code="a">IHR M 72</subfield><subfield code="x">ge/uihr/3107</subfield><subfield code="9">LOCAL</subfield></datafield></record>
</metadata></record>