<record><header><identifier>oai:alma.41SLSP_UGE:991000107129705502</identifier><datestamp>2023-03-01T01:10:20Z</datestamp><setSpec>uge_bcen_RapidILL_BOOK</setSpec><setSpec>uge_aaca_RapidILL_BOOK</setSpec><setSpec>uge_abels_RapidILL_BOOK</setSpec><setSpec>uge_dbu_RapidILL_BOOK</setSpec><setSpec>uge_cmu_RapidILL_BOOK</setSpec><setSpec>uge_mail_RapidILL_BOOK</setSpec><setSpec>UNIGE_ALL</setSpec><setSpec>uge_abbat_RapidILL_BOOK</setSpec><setSpec>uge_aobs_RapidILL_BOOK</setSpec><setSpec>uge_acar_RapidILL_BOOK</setSpec></header><metadata>
<record xmlns="http://www.loc.gov/MARC21/slim" xmlns:xsi="http://www.w3.org/2001/XMLSchema-instance" xsi:schemaLocation="http://www.loc.gov/MARC21/slim http://www.loc.gov/standards/marcxml/schema/MARC21slim.xsd"><leader>01700nam a22004217c 4500</leader><controlfield tag="001">991000107129705502</controlfield><controlfield tag="005">20201231124217.0</controlfield><controlfield tag="008">201012s2002    fr ||||| |||| 00| ||fre d</controlfield><datafield ind1=" " ind2=" " tag="020"><subfield code="a">2251344594</subfield><subfield code="c">€ 26.-</subfield></datafield><datafield ind1=" " ind2=" " tag="035"><subfield code="a">(swissbib)239266269-41slsp_network</subfield></datafield><datafield ind1=" " ind2=" " tag="035"><subfield code="a">239266269</subfield><subfield code="9">ExL</subfield></datafield><datafield ind1=" " ind2=" " tag="035"><subfield code="a">(RERO)R003255911-41slsp</subfield></datafield><datafield ind1=" " ind2=" " tag="035"><subfield code="a">(IDSBB)002920154DSV01</subfield></datafield><datafield ind1=" " ind2=" " tag="035"><subfield code="a">(NEBIS)009630963EBI01</subfield></datafield><datafield ind1=" " ind2=" " tag="035"><subfield code="a">(EXLNZ-41SLSP_NETWORK)991108376459705501</subfield></datafield><datafield ind1=" " ind2=" " tag="040"><subfield code="a">RERO gevbpu</subfield><subfield code="d">CH-ZuSLS</subfield></datafield><datafield ind1="1" ind2=" " tag="041"><subfield code="a">fre</subfield><subfield code="a">lat</subfield><subfield code="h">lat</subfield></datafield><datafield ind1=" " ind2="7" tag="072"><subfield code="a">la</subfield><subfield code="2">rero</subfield></datafield><datafield ind1=" " ind2="7" tag="072"><subfield code="a">mn</subfield><subfield code="2">SzZuIDS BS/BE</subfield></datafield><datafield ind1="1" ind2=" " tag="080"><subfield code="a">1&quot;1463&quot;Fic7Con</subfield></datafield><datafield ind1=" " ind2=" " tag="084"><subfield code="a">BF 3720</subfield><subfield code="2">rvk</subfield></datafield><datafield ind1="1" ind2=" " tag="100"><subfield code="a">Ficin, Marsile</subfield><subfield code="d">1433-1499</subfield><subfield code="0">(IDREF)026864436</subfield><subfield code="4">cre</subfield></datafield><datafield ind1="1" ind2="0" tag="240"><subfield code="a">Commentarium in Convivium Platonis de amore</subfield></datafield><datafield ind1="1" ind2="0" tag="245"><subfield code="a">Commentaire sur &quot;Le banquet&quot; de Platon, &quot;De l'amour&quot;</subfield><subfield code="b">= Commentarium in &quot;Convivium&quot; Platonis, &quot;De amore&quot;</subfield><subfield code="c">Marsile Ficin ; texte établi, trad., présenté et annoté par Pierre Laurens</subfield></datafield><datafield ind1="1" ind2="1" tag="246"><subfield code="a">Commentarium in convivium Platonis de amore</subfield></datafield><datafield ind1=" " ind2="1" tag="264"><subfield code="a">Paris</subfield><subfield code="b">Les Belles Lettres</subfield><subfield code="c">2002</subfield></datafield><datafield ind1=" " ind2=" " tag="300"><subfield code="a">318 p.</subfield><subfield code="c">23 cm</subfield></datafield><datafield ind1=" " ind2=" " tag="336"><subfield code="b">txt</subfield><subfield code="2">rdacontent</subfield></datafield><datafield ind1=" " ind2=" " tag="337"><subfield code="b">n</subfield><subfield code="2">rdamedia</subfield></datafield><datafield ind1=" " ind2=" " tag="338"><subfield code="b">nc</subfield><subfield code="2">rdacarrier</subfield></datafield><datafield ind1="1" ind2=" " tag="490"><subfield code="a">Les classiques de l'humanisme</subfield><subfield code="v">14</subfield></datafield><datafield ind1=" " ind2=" " tag="500"><subfield code="a">Enthält französisch-lateinischen Paralleltext</subfield></datafield><datafield ind1="1" ind2=" " tag="700"><subfield code="a">Ficinus, Marsilius</subfield><subfield code="d">1433-1499</subfield><subfield code="0">(DE-588)118532855</subfield></datafield><datafield ind1="1" ind2="2" tag="700"><subfield code="a">Ficino, Marsiglio</subfield><subfield code="t">Commentarium in Convivium Platonis de amore</subfield></datafield><datafield ind1="1" ind2=" " tag="700"><subfield code="a">Laurens, Pierre</subfield><subfield code="d">1931-</subfield><subfield code="0">(DE-588)104666641X</subfield><subfield code="6">880-03</subfield></datafield><datafield ind1="1" ind2=" " tag="880"><subfield code="a">Laurens, Pierre</subfield><subfield code="0">(RERO)A003499828</subfield><subfield code="6">700-03</subfield></datafield><datafield ind1=" " ind2=" " tag="830"><subfield code="a">&lt;&lt;Les&gt;&gt; classiques de l'humanisme</subfield><subfield code="v">14</subfield><subfield code="w">(RERO)R003308291-41slsp</subfield></datafield><datafield ind1=" " ind2=" " tag="830"><subfield code="a">&lt;&lt;Les&gt;&gt; classiques de l'humanisme</subfield><subfield code="p">Textes</subfield><subfield code="v">14</subfield><subfield code="w">(NEBIS)000989146EBI01</subfield></datafield><datafield ind1=" " ind2=" " tag="900"><subfield code="a">REROnoselfmerge</subfield></datafield><datafield ind1=" " ind2=" " tag="960"><subfield code="2">matmu</subfield><subfield code="a">Platon</subfield><subfield code="9">LOCAL</subfield></datafield><datafield ind1=" " ind2=" " tag="960"><subfield code="2">matmu</subfield><subfield code="a">Renaissance ; Documents ; Textes ; Banquet ; Commentaires</subfield><subfield code="9">LOCAL</subfield></datafield><datafield ind1=" " ind2=" " tag="993"><subfield code="a">BFLA 156970</subfield><subfield code="x">ge/ulit/a/03/96</subfield><subfield code="9">LOCAL</subfield></datafield></record>
</metadata></record>