<record><header><identifier>oai:alma.41SLSP_UGE:991000107859705502</identifier><datestamp>2023-03-01T01:10:20Z</datestamp><setSpec>UNIGE_ALL</setSpec></header><metadata>
<record xmlns="http://www.loc.gov/MARC21/slim" xmlns:xsi="http://www.w3.org/2001/XMLSchema-instance" xsi:schemaLocation="http://www.loc.gov/MARC21/slim http://www.loc.gov/standards/marcxml/schema/MARC21slim.xsd"><leader>01785njm a22003257c 4500</leader><controlfield tag="001">991000107859705502</controlfield><controlfield tag="005">20210206202930.0</controlfield><controlfield tag="007">sd f||g|||||||</controlfield><controlfield tag="008">110122s2002    xx ||n |            ita d</controlfield><datafield ind1="0" ind2="2" tag="028"><subfield code="a">Glossa GCD 920910</subfield></datafield><datafield ind1=" " ind2=" " tag="035"><subfield code="a">(swissbib)113591012-41slsp_network</subfield></datafield><datafield ind1=" " ind2=" " tag="035"><subfield code="a">113591012</subfield><subfield code="9">ExL</subfield></datafield><datafield ind1=" " ind2=" " tag="035"><subfield code="a">(RERO)R006024749-41slsp</subfield></datafield><datafield ind1=" " ind2=" " tag="035"><subfield code="a">(EXLNZ-41SLSP_NETWORK)991049058369705501</subfield></datafield><datafield ind1=" " ind2=" " tag="040"><subfield code="a">RERO geulmu</subfield><subfield code="d">CH-ZuSLS</subfield></datafield><datafield ind1="0" ind2=" " tag="041"><subfield code="a">eng</subfield><subfield code="a">ita</subfield><subfield code="a">fre</subfield><subfield code="a">spa</subfield><subfield code="a">ger</subfield></datafield><datafield ind1=" " ind2="7" tag="072"><subfield code="a">mu</subfield><subfield code="2">rero</subfield></datafield><datafield ind1="1" ind2=" " tag="100"><subfield code="a">Monteverdi, Claudio</subfield><subfield code="d">1567-1643</subfield><subfield code="0">(IDREF)028320549</subfield><subfield code="4">cre</subfield></datafield><datafield ind1="1" ind2="0" tag="245"><subfield code="a">&lt;&lt;Il&gt;&gt; Terzo Libro di Madrigali a cinque voci, 1592</subfield><subfield code="c">Claudio Monteverdi</subfield></datafield><datafield ind1=" " ind2="1" tag="264"><subfield code="a">[Lieu de publication non identifié]</subfield><subfield code="b">[éditeur non identifié]</subfield><subfield code="c">2002</subfield></datafield><datafield ind1=" " ind2=" " tag="300"><subfield code="a">1 disque compact</subfield></datafield><datafield ind1=" " ind2=" " tag="336"><subfield code="b">prm</subfield><subfield code="2">rdacontent</subfield></datafield><datafield ind1=" " ind2=" " tag="337"><subfield code="b">s</subfield><subfield code="2">rdamedia</subfield></datafield><datafield ind1=" " ind2=" " tag="338"><subfield code="b">sd</subfield><subfield code="2">rdacarrier</subfield></datafield><datafield ind1=" " ind2=" " tag="500"><subfield code="a">Durée: 62 min. 35 sec.</subfield></datafield><datafield ind1=" " ind2=" " tag="500"><subfield code="a">Enregistrement: 2001</subfield></datafield><datafield ind1=" " ind2=" " tag="500"><subfield code="a">Formation: ensemble, choeur</subfield></datafield><datafield ind1=" " ind2=" " tag="500"><subfield code="a">Langue(s) chantée(s) : italien</subfield></datafield><datafield ind1="0" ind2=" " tag="505"><subfield code="a">[Madrigaux. Terzo libro. Rimanti in pace] ; [Madrigaux. Terzo libro. Occhi un tempo mia vita] ; [Madrigaux. Terzo libro. Vattene pur crudel] ; [Madrigaux. Terzo libro. Vivrò fra i miei tormenti] ; [Madrigaux. Terzo libro. Ch'io non t'ami cor mio] ; [Madrigaux. Terzo libro. Perfidissimo volto] ; [Madrigaux. Terzo libro. O Primavera] ; [Madrigali. Livre 3] ; [Madrigaux. Terzo libro. O rossignol] ; [Madrigaux. Terzo libro. Stracciami pur il core] ; [Madrigaux. Terzo libro. O dolce anima mia] ; [Madrigaux. Terzo libro. Sovra tenere erbette] ; [Madrigaux. Terzo libro. O come è gran martire] ; [Madrigaux. Terzo libro. La giovinetta pianta] ; [Madrigaux. Terzo libro. Se per estremo ardore] ; [Madrigaux. Terzo libro. Lumi miei cari]</subfield></datafield><datafield ind1="2" ind2=" " tag="710"><subfield code="a">La Venexiana</subfield><subfield code="0">(IDREF)111298547</subfield></datafield><datafield ind1=" " ind2=" " tag="900"><subfield code="a">REROnoselfmerge</subfield></datafield><datafield ind1=" " ind2=" " tag="960"><subfield code="2">matmu</subfield><subfield code="a">Italie ; XVIIe ; Baroque ; Madrigaux ; Musique vocale</subfield><subfield code="9">LOCAL</subfield></datafield></record>
</metadata></record>