<record><header><identifier>oai:alma.41SLSP_UGE:991000107029705502</identifier><datestamp>2023-03-01T01:10:20Z</datestamp><setSpec>uge_bcen_RapidILL_BOOK</setSpec><setSpec>uge_aaca_RapidILL_BOOK</setSpec><setSpec>uge_abels_RapidILL_BOOK</setSpec><setSpec>uge_dbu_RapidILL_BOOK</setSpec><setSpec>uge_cmu_RapidILL_BOOK</setSpec><setSpec>uge_mail_RapidILL_BOOK</setSpec><setSpec>UNIGE_ALL</setSpec><setSpec>uge_abbat_RapidILL_BOOK</setSpec><setSpec>uge_aobs_RapidILL_BOOK</setSpec><setSpec>uge_acar_RapidILL_BOOK</setSpec></header><metadata>
<record xmlns="http://www.loc.gov/MARC21/slim" xmlns:xsi="http://www.w3.org/2001/XMLSchema-instance" xsi:schemaLocation="http://www.loc.gov/MARC21/slim http://www.loc.gov/standards/marcxml/schema/MARC21slim.xsd"><leader>01317nam a2200385 c 4500</leader><controlfield tag="001">991000107029705502</controlfield><controlfield tag="005">20211203201847.0</controlfield><controlfield tag="008">130307s2010    xxc||||| |||| 00| ||eng d</controlfield><datafield ind1=" " ind2=" " tag="020"><subfield code="a">0195438922</subfield></datafield><datafield ind1=" " ind2=" " tag="020"><subfield code="a">9780195438925</subfield></datafield><datafield ind1=" " ind2=" " tag="035"><subfield code="a">(swissbib)117088838-41slsp_network</subfield></datafield><datafield ind1=" " ind2=" " tag="035"><subfield code="a">117088838</subfield><subfield code="9">ExL</subfield></datafield><datafield ind1=" " ind2=" " tag="035"><subfield code="a">(RERO)R007253291-41slsp</subfield></datafield><datafield ind1=" " ind2=" " tag="035"><subfield code="a">(EXLNZ-41SLSP_NETWORK)991126245649705501</subfield></datafield><datafield ind1=" " ind2=" " tag="040"><subfield code="a">NLC</subfield><subfield code="d">CH-ZuSLS</subfield></datafield><datafield ind1=" " ind2="4" tag="050"><subfield code="a">F1089.F7</subfield><subfield code="b">H8 2009</subfield></datafield><datafield ind1=" " ind2="7" tag="072"><subfield code="a">an</subfield><subfield code="2">rero</subfield></datafield><datafield ind1=" " ind2="7" tag="072"><subfield code="a">ht</subfield><subfield code="2">rero</subfield></datafield><datafield ind1="0" ind2="4" tag="082"><subfield code="a">971.1/3</subfield><subfield code="2">22</subfield></datafield><datafield ind1="1" ind2=" " tag="100"><subfield code="a">Hutchison, Bruce</subfield><subfield code="0">(RERO)A005728257</subfield><subfield code="4">cre</subfield></datafield><datafield ind1="1" ind2="0" tag="245"><subfield code="a">&lt;&lt;The&gt;&gt; Fraser</subfield><subfield code="c">Bruce Hutchison ; introduction by Vaughn Palmer</subfield></datafield><datafield ind1=" " ind2="1" tag="264"><subfield code="a">Don Mills, Ont.</subfield><subfield code="b">Oxford University Press Canada</subfield><subfield code="c">2010</subfield></datafield><datafield ind1=" " ind2=" " tag="300"><subfield code="a">368 p.</subfield><subfield code="b">ill., map</subfield><subfield code="c">21 cm.</subfield></datafield><datafield ind1=" " ind2=" " tag="336"><subfield code="b">txt</subfield><subfield code="2">rdacontent</subfield></datafield><datafield ind1=" " ind2=" " tag="337"><subfield code="b">n</subfield><subfield code="2">rdamedia</subfield></datafield><datafield ind1=" " ind2=" " tag="338"><subfield code="b">nc</subfield><subfield code="2">rdacarrier</subfield></datafield><datafield ind1="0" ind2=" " tag="490"><subfield code="a">Wynford Project</subfield></datafield><datafield ind1=" " ind2=" " tag="500"><subfield code="a">First published in 1950</subfield></datafield><datafield ind1=" " ind2=" " tag="504"><subfield code="a">Includes bibliographical references (p. 351-355) and index.</subfield></datafield><datafield ind1=" " ind2="0" tag="651"><subfield code="a">Fraser River (B.C.)</subfield></datafield><datafield ind1=" " ind2="0" tag="651"><subfield code="a">Fraser River (B.C.)</subfield><subfield code="x">History</subfield></datafield><datafield ind1=" " ind2="0" tag="651"><subfield code="a">Fraser River Region (B.C.)</subfield><subfield code="x">Description and travel</subfield></datafield><datafield ind1=" " ind2="7" tag="651"><subfield code="a">Colombie-Britannique (Canada)</subfield><subfield code="0">(IDREF)027378861</subfield><subfield code="2">idref</subfield></datafield><datafield ind1=" " ind2="7" tag="651"><subfield code="a">Fraser (Canada ; cours d'eau)</subfield><subfield code="0">(IDREF)11026231X</subfield><subfield code="2">idref</subfield></datafield><datafield ind1=" " ind2=" " tag="900"><subfield code="a">REROnoselfmerge</subfield></datafield><datafield ind1=" " ind2=" " tag="910"><subfield code="a">OCoLC</subfield><subfield code="b">20130307</subfield><subfield code="c">Droits réservés</subfield></datafield></record>
</metadata></record>