<record><header><identifier>oai:alma.41SLSP_UGE:991000106929705502</identifier><datestamp>2023-03-01T01:10:20Z</datestamp><setSpec>uge_bcen_RapidILL_BOOK</setSpec><setSpec>uge_aaca_RapidILL_BOOK</setSpec><setSpec>uge_abels_RapidILL_BOOK</setSpec><setSpec>uge_dbu_RapidILL_BOOK</setSpec><setSpec>uge_cmu_RapidILL_BOOK</setSpec><setSpec>uge_mail_RapidILL_BOOK</setSpec><setSpec>UNIGE_ALL</setSpec><setSpec>uge_abbat_RapidILL_BOOK</setSpec><setSpec>uge_acar_RapidILL_BOOK</setSpec><setSpec>uge_aobs_RapidILL_BOOK</setSpec></header><metadata>
<record xmlns="http://www.loc.gov/MARC21/slim" xmlns:xsi="http://www.w3.org/2001/XMLSchema-instance" xsi:schemaLocation="http://www.loc.gov/MARC21/slim http://www.loc.gov/standards/marcxml/schema/MARC21slim.xsd"><leader>02518nam a2200757 c 4500</leader><controlfield tag="001">991000106929705502</controlfield><controlfield tag="005">20230213202205.0</controlfield><controlfield tag="008">201012t19951995xxu||||| |||| 00| ||eng d</controlfield><datafield ind1=" " ind2=" " tag="020"><subfield code="a">0803954999</subfield><subfield code="q">cl.</subfield></datafield><datafield ind1=" " ind2=" " tag="020"><subfield code="a">0803955006</subfield><subfield code="q">pbk.</subfield></datafield><datafield ind1=" " ind2=" " tag="035"><subfield code="a">(swissbib)239354281-41slsp_network</subfield></datafield><datafield ind1=" " ind2=" " tag="035"><subfield code="a">239354281</subfield><subfield code="9">ExL</subfield></datafield><datafield ind1=" " ind2=" " tag="035"><subfield code="a">(RERO)2101472-41slsp</subfield></datafield><datafield ind1=" " ind2=" " tag="035"><subfield code="a">(NEBIS)001578711EBI01</subfield></datafield><datafield ind1=" " ind2=" " tag="035"><subfield code="a">(IDSBB)001232151DSV01</subfield></datafield><datafield ind1=" " ind2=" " tag="035"><subfield code="a">(EXLNZ-41SLSP_NETWORK)991039932219705501</subfield></datafield><datafield ind1=" " ind2=" " tag="040"><subfield code="a">RERO geufpe</subfield><subfield code="d">CH-ZuSLS</subfield></datafield><datafield ind1=" " ind2=" " tag="044"><subfield code="a">xxu</subfield><subfield code="a">xxk</subfield></datafield><datafield ind1=" " ind2="7" tag="072"><subfield code="a">ps</subfield><subfield code="2">rero</subfield></datafield><datafield ind1=" " ind2="7" tag="072"><subfield code="a">ps</subfield><subfield code="2">SzZuIDS BS/BE</subfield></datafield><datafield ind1=" " ind2="7" tag="072"><subfield code="a">mm</subfield><subfield code="2">SzZuIDS BS/BE</subfield></datafield><datafield ind1="0" ind2="0" tag="082"><subfield code="a">302.23/0935</subfield><subfield code="2">20</subfield></datafield><datafield ind1="0" ind2="4" tag="082"><subfield code="a">302.23 0935</subfield><subfield code="2">20</subfield></datafield><datafield ind1="1" ind2="4" tag="082"><subfield code="a">302.230 83</subfield><subfield code="2">22</subfield></datafield><datafield ind1="1" ind2="4" tag="082"><subfield code="a">150</subfield><subfield code="2">15</subfield></datafield><datafield ind1=" " ind2=" " tag="084"><subfield code="a">CV 3500</subfield><subfield code="2">rvk</subfield></datafield><datafield ind1=" " ind2=" " tag="084"><subfield code="a">CW 7500</subfield><subfield code="2">rvk</subfield></datafield><datafield ind1="1" ind2=" " tag="100"><subfield code="a">Strasburger, Victor C.</subfield><subfield code="d">1949-....</subfield><subfield code="0">(IDREF)143444271</subfield><subfield code="4">cre</subfield></datafield><datafield ind1="1" ind2="0" tag="245"><subfield code="a">Adolescents and the media</subfield><subfield code="b">medical and psychological impact</subfield><subfield code="c">Victor C. Strasburger</subfield></datafield><datafield ind1=" " ind2="1" tag="264"><subfield code="a">Thousand Oaks</subfield><subfield code="a">London [etc]</subfield><subfield code="b">Sage Publ.</subfield><subfield code="c">[1995]</subfield></datafield><datafield ind1=" " ind2="4" tag="264"><subfield code="c">© 1995</subfield></datafield><datafield ind1=" " ind2=" " tag="300"><subfield code="a">xi, 137 p.</subfield><subfield code="b">ill.</subfield><subfield code="c">22 cm</subfield></datafield><datafield ind1=" " ind2=" " tag="336"><subfield code="b">txt</subfield><subfield code="2">rdacontent</subfield></datafield><datafield ind1=" " ind2=" " tag="337"><subfield code="b">n</subfield><subfield code="2">rdamedia</subfield></datafield><datafield ind1=" " ind2=" " tag="338"><subfield code="b">nc</subfield><subfield code="2">rdacarrier</subfield></datafield><datafield ind1="1" ind2=" " tag="490"><subfield code="a">Developmental clinical psychology and psychiatry</subfield><subfield code="v">vol. 33</subfield></datafield><datafield ind1=" " ind2=" " tag="504"><subfield code="a">Includes bibliographical references (p. 101-123) and indexes</subfield></datafield><datafield ind1=" " ind2=" " tag="504"><subfield code="a">Literaturverz.</subfield></datafield><datafield ind1=" " ind2="7" tag="650"><subfield code="a">Télévision</subfield><subfield code="0">(IDREF)02725366X</subfield><subfield code="2">idref</subfield></datafield><datafield ind1=" " ind2="7" tag="650"><subfield code="a">Violence</subfield><subfield code="0">(IDREF)027255891</subfield><subfield code="2">idref</subfield></datafield><datafield ind1=" " ind2="7" tag="650"><subfield code="a">Sexualité</subfield><subfield code="0">(IDREF)027248720</subfield><subfield code="2">idref</subfield></datafield><datafield ind1=" " ind2="7" tag="650"><subfield code="a">Toxicomanie</subfield><subfield code="0">(IDREF)027254259</subfield><subfield code="2">idref</subfield></datafield><datafield ind1=" " ind2="7" tag="650"><subfield code="a">Adolescents</subfield><subfield code="0">(IDREF)027276228</subfield><subfield code="2">idref</subfield></datafield><datafield ind1=" " ind2="7" tag="650"><subfield code="a">Médias</subfield><subfield code="0">(IDREF)027237524</subfield><subfield code="2">idref</subfield></datafield><datafield ind1=" " ind2="7" tag="650"><subfield code="a">Aggression</subfield><subfield code="2">idszbz</subfield></datafield><datafield ind1=" " ind2="7" tag="650"><subfield code="a">Auswirkung</subfield><subfield code="2">idszbz</subfield></datafield><datafield ind1=" " ind2="7" tag="650"><subfield code="a">Jugend</subfield><subfield code="2">idszbz</subfield></datafield><datafield ind1=" " ind2="7" tag="650"><subfield code="a">Massenmedien</subfield><subfield code="2">idszbz</subfield></datafield><datafield ind1=" " ind2="7" tag="650"><subfield code="a">Rauschgift</subfield><subfield code="2">idszbz</subfield></datafield><datafield ind1=" " ind2="7" tag="650"><subfield code="a">Sexualität</subfield><subfield code="2">idszbz</subfield></datafield><datafield ind1=" " ind2="7" tag="650"><subfield code="a">Fernsehen</subfield><subfield code="0">(DE-588)4016825-6</subfield><subfield code="2">gnd</subfield></datafield><datafield ind1=" " ind2="7" tag="650"><subfield code="a">Jugend</subfield><subfield code="0">(DE-588)4028859-6</subfield><subfield code="2">gnd</subfield></datafield><datafield ind1=" " ind2="0" tag="650"><subfield code="a">Mass media and teenagers</subfield></datafield><datafield ind1=" " ind2="7" tag="650"><subfield code="a">Jugend</subfield><subfield code="x">Medien</subfield><subfield code="2">idsbb</subfield></datafield><datafield ind1=" " ind2="7" tag="650"><subfield code="a">Medien</subfield><subfield code="x">Jugend</subfield><subfield code="2">idsbb</subfield></datafield><datafield ind1=" " ind2="7" tag="650"><subfield code="a">Medienpsychologie</subfield><subfield code="2">idsbb</subfield></datafield><datafield ind1=" " ind2=" " tag="690"><subfield code="a">USA</subfield><subfield code="2">uzb-UO</subfield></datafield><datafield ind1=" " ind2=" " tag="690"><subfield code="a">Erwachsene</subfield><subfield code="2">uzb-UO</subfield></datafield><datafield ind1=" " ind2=" " tag="690"><subfield code="a">Massenmedien</subfield><subfield code="2">uzb-UO</subfield></datafield><datafield ind1=" " ind2=" " tag="690"><subfield code="a">Medienwirkungen</subfield><subfield code="2">uzb-UO</subfield></datafield><datafield ind1=" " ind2=" " tag="690"><subfield code="a">Gewalt</subfield><subfield code="2">uzb-UO</subfield></datafield><datafield ind1=" " ind2=" " tag="690"><subfield code="a">Sexualität</subfield><subfield code="2">uzb-UO</subfield></datafield><datafield ind1=" " ind2=" " tag="690"><subfield code="a">Drogen</subfield><subfield code="2">uzb-UO</subfield></datafield><datafield ind1=" " ind2=" " tag="690"><subfield code="a">Musik.</subfield><subfield code="2">uzb-UO</subfield></datafield><datafield ind1=" " ind2=" " tag="690"><subfield code="a">Bestand: Bibliothek</subfield><subfield code="2">uzb-UO</subfield></datafield><datafield ind1=" " ind2="0" tag="830"><subfield code="a">Developmental clinical psychology and psychiatry</subfield><subfield code="v">33</subfield><subfield code="w">(NEBIS)001066301EBI01</subfield></datafield><datafield ind1=" " ind2=" " tag="900"><subfield code="a">REROnoselfmerge</subfield></datafield></record>
</metadata></record>