<record><header><identifier>oai:alma.41SLSP_UGE:991000107349705502</identifier><datestamp>2023-03-01T01:10:20Z</datestamp><setSpec>uge_bcen_RapidILL_BOOK</setSpec><setSpec>uge_aaca_RapidILL_BOOK</setSpec><setSpec>uge_abels_RapidILL_BOOK</setSpec><setSpec>uge_dbu_RapidILL_BOOK</setSpec><setSpec>uge_cmu_RapidILL_BOOK</setSpec><setSpec>uge_mail_RapidILL_BOOK</setSpec><setSpec>UNIGE_ALL</setSpec><setSpec>uge_abbat_RapidILL_BOOK</setSpec><setSpec>uge_aobs_RapidILL_BOOK</setSpec><setSpec>uge_acar_RapidILL_BOOK</setSpec></header><metadata>
<record xmlns="http://www.loc.gov/MARC21/slim" xmlns:xsi="http://www.w3.org/2001/XMLSchema-instance" xsi:schemaLocation="http://www.loc.gov/MARC21/slim http://www.loc.gov/standards/marcxml/schema/MARC21slim.xsd"><leader>01268nam a2200361 c 4500</leader><controlfield tag="001">991000107349705502</controlfield><controlfield tag="005">20201230223405.0</controlfield><controlfield tag="008">201011s1972    fr ||||| |||| 00| ||fre d</controlfield><datafield ind1=" " ind2=" " tag="035"><subfield code="a">(swissbib)227178300-41slsp_network</subfield></datafield><datafield ind1=" " ind2=" " tag="035"><subfield code="a">227178300</subfield><subfield code="9">ExL</subfield></datafield><datafield ind1=" " ind2=" " tag="035"><subfield code="a">(RERO)0078957-41slsp</subfield></datafield><datafield ind1=" " ind2=" " tag="035"><subfield code="a">(NEBIS)002492064EBI01</subfield></datafield><datafield ind1=" " ind2=" " tag="035"><subfield code="a">(EXLNZ-41SLSP_NETWORK)991086528479705501</subfield></datafield><datafield ind1=" " ind2=" " tag="040"><subfield code="a">RERO</subfield><subfield code="d">CH-ZuSLS</subfield></datafield><datafield ind1="1" ind2=" " tag="041"><subfield code="a">fre</subfield><subfield code="h">ger</subfield></datafield><datafield ind1=" " ind2="7" tag="072"><subfield code="a">ht</subfield><subfield code="2">rero</subfield></datafield><datafield ind1=" " ind2="7" tag="072"><subfield code="a">sp</subfield><subfield code="2">rero</subfield></datafield><datafield ind1="1" ind2=" " tag="100"><subfield code="a">Nettl, John Peter</subfield><subfield code="d">1926-1968</subfield><subfield code="0">(IDREF)071529632</subfield><subfield code="4">cre</subfield></datafield><datafield ind1="1" ind2="0" tag="245"><subfield code="a">&lt;&lt;La&gt;&gt; vie et l'oeuvre de Rosa Luxemburg</subfield><subfield code="c">J.P. Nettl ; trad. par Irène Petit et Marianne Rachline</subfield></datafield><datafield ind1=" " ind2="1" tag="264"><subfield code="a">Paris</subfield><subfield code="b">Maspero</subfield><subfield code="c">1972</subfield></datafield><datafield ind1=" " ind2=" " tag="300"><subfield code="a">2 vol. (960 p.)</subfield><subfield code="c">22 cm</subfield></datafield><datafield ind1=" " ind2=" " tag="336"><subfield code="b">txt</subfield><subfield code="2">rdacontent</subfield></datafield><datafield ind1=" " ind2=" " tag="337"><subfield code="b">n</subfield><subfield code="2">rdamedia</subfield></datafield><datafield ind1=" " ind2=" " tag="338"><subfield code="b">nc</subfield><subfield code="2">rdacarrier</subfield></datafield><datafield ind1="1" ind2=" " tag="490"><subfield code="a">Bibliothèque socialiste</subfield><subfield code="v">21</subfield><subfield code="v">22</subfield></datafield><datafield ind1=" " ind2=" " tag="500"><subfield code="a">Originaltitel: Rosa Luxemburg</subfield></datafield><datafield ind1=" " ind2=" " tag="500"><subfield code="a">Engl. Orig.titel: Rosa Luxemburg</subfield></datafield><datafield ind1="1" ind2="7" tag="600"><subfield code="a">Luxemburg, Rosa</subfield><subfield code="d">1871-1919</subfield><subfield code="0">(IDREF)03156688X</subfield><subfield code="2">idref</subfield></datafield><datafield ind1="1" ind2=" " tag="700"><subfield code="a">Nettl, J. P.</subfield></datafield><datafield ind1="1" ind2=" " tag="700"><subfield code="a">Petit, Irène</subfield><subfield code="0">(RERO)A003686509</subfield></datafield><datafield ind1=" " ind2=" " tag="830"><subfield code="a">Bibliothèque socialiste</subfield><subfield code="p">F. Maspero</subfield><subfield code="v">21,22</subfield><subfield code="w">(RERO)0010574-41slsp</subfield></datafield><datafield ind1=" " ind2=" " tag="830"><subfield code="a">Bibliothèque socialiste</subfield><subfield code="v">21-22</subfield><subfield code="w">(NEBIS)004158742EBI01</subfield></datafield><datafield ind1=" " ind2=" " tag="900"><subfield code="a">REROnoselfmerge</subfield></datafield><datafield ind1=" " ind2=" " tag="900"><subfield code="a">IDSERMedeaSOZARCH. Mehrbd</subfield></datafield></record>
</metadata></record>