<record><header><identifier>oai:alma.41SLSP_UGE:991000107869705502</identifier><datestamp>2023-03-29T00:17:29Z</datestamp><setSpec>uge_bcen_RapidILL_BOOK</setSpec><setSpec>uge_aaca_RapidILL_BOOK</setSpec><setSpec>uge_abels_RapidILL_BOOK</setSpec><setSpec>uge_dbu_RapidILL_BOOK</setSpec><setSpec>uge_cmu_RapidILL_BOOK</setSpec><setSpec>uge_mail_RapidILL_BOOK</setSpec><setSpec>uge_abbat_RapidILL_BOOK</setSpec><setSpec>UNIGE_ALL</setSpec><setSpec>uge_aobs_RapidILL_BOOK</setSpec><setSpec>uge_acar_RapidILL_BOOK</setSpec></header><metadata>
<record xmlns="http://www.loc.gov/MARC21/slim" xmlns:xsi="http://www.w3.org/2001/XMLSchema-instance" xsi:schemaLocation="http://www.loc.gov/MARC21/slim http://www.loc.gov/standards/marcxml/schema/MARC21slim.xsd"><leader>05116nam a2200781 c 4500</leader><controlfield tag="001">991000107869705502</controlfield><controlfield tag="005">20230328203633.0</controlfield><controlfield tag="008">201011s2018    gw ||||| |||| 10| ||ger d</controlfield><datafield ind1=" " ind2=" " tag="015"><subfield code="a">18,N20</subfield><subfield code="2">dnb</subfield></datafield><datafield ind1="7" ind2=" " tag="016"><subfield code="a">115851283X</subfield><subfield code="2">DE-101</subfield></datafield><datafield ind1=" " ind2=" " tag="020"><subfield code="a">9783825368999</subfield></datafield><datafield ind1=" " ind2=" " tag="035"><subfield code="a">(swissbib)223093785-41slsp_network</subfield></datafield><datafield ind1=" " ind2=" " tag="035"><subfield code="a">223093785</subfield><subfield code="9">ExL</subfield></datafield><datafield ind1=" " ind2=" " tag="035"><subfield code="a">(RERO)R008839889-41slsp</subfield></datafield><datafield ind1=" " ind2=" " tag="035"><subfield code="a">(IDSBB)006810457DSV01</subfield></datafield><datafield ind1=" " ind2=" " tag="035"><subfield code="a">(NEBIS)011244318EBI01</subfield></datafield><datafield ind1=" " ind2=" " tag="035"><subfield code="a">(IDSSG)001019896HSB01</subfield></datafield><datafield ind1=" " ind2=" " tag="035"><subfield code="a">(OCoLC)1035871926</subfield></datafield><datafield ind1=" " ind2=" " tag="035"><subfield code="a">(EXLNZ-41SLSP_NETWORK)991088100589705501</subfield></datafield><datafield ind1=" " ind2=" " tag="040"><subfield code="a">GWDNB</subfield><subfield code="b">ger</subfield><subfield code="e">rda</subfield><subfield code="d">CH-ZuSLS</subfield></datafield><datafield ind1="0" ind2=" " tag="041"><subfield code="a">ger</subfield><subfield code="a">eng</subfield></datafield><datafield ind1=" " ind2=" " tag="044"><subfield code="c">XA-DE-BW</subfield></datafield><datafield ind1=" " ind2="7" tag="072"><subfield code="a">lg</subfield><subfield code="2">rero</subfield></datafield><datafield ind1="0" ind2="4" tag="082"><subfield code="a">432</subfield><subfield code="2">23</subfield></datafield><datafield ind1="1" ind2="4" tag="082"><subfield code="a">430</subfield><subfield code="8">1\p</subfield><subfield code="q">DE-101</subfield></datafield><datafield ind1=" " ind2=" " tag="084"><subfield code="a">ET 560</subfield><subfield code="2">rvk</subfield></datafield><datafield ind1=" " ind2=" " tag="084"><subfield code="a">GB 4935</subfield><subfield code="2">rvk</subfield></datafield><datafield ind1=" " ind2=" " tag="084"><subfield code="a">GD 9001</subfield><subfield code="2">rvk</subfield></datafield><datafield ind1=" " ind2=" " tag="084"><subfield code="a">430</subfield><subfield code="2">sdnb</subfield></datafield><datafield ind1="2" ind2=" " tag="111"><subfield code="6">880-01</subfield><subfield code="a">Namen und Wörter. Theoretische Grenzen - Übergänge im Sprachwandel</subfield><subfield code="g">Veranstaltung</subfield><subfield code="d">2017</subfield><subfield code="c">Bamberg</subfield><subfield code="0">(DE-588)1161469745</subfield></datafield><datafield ind1="2" ind2=" " tag="880"><subfield code="6">111-01</subfield><subfield code="a">Namen und Wörter. Theoretische Grenzen - Übergänge im Sprachwandel</subfield><subfield code="d">2017</subfield><subfield code="c">Bamberg</subfield><subfield code="0">(RERO)A027652764</subfield></datafield><datafield ind1="1" ind2="0" tag="245"><subfield code="a">Namen und Wörter</subfield><subfield code="b">Theoretische Grenzen - Übergänge im Sprachwandel</subfield><subfield code="c">herausgegeben von Rolf Bergmann, Stefanie Stricker</subfield></datafield><datafield ind1=" " ind2="1" tag="264"><subfield code="a">Heidelberg</subfield><subfield code="b">Universitätsverlag Winter</subfield><subfield code="c">[2018]</subfield></datafield><datafield ind1=" " ind2=" " tag="300"><subfield code="a">262 Seiten</subfield><subfield code="b">Illustrationen</subfield></datafield><datafield ind1=" " ind2=" " tag="336"><subfield code="b">txt</subfield><subfield code="2">rdacontent</subfield></datafield><datafield ind1=" " ind2=" " tag="337"><subfield code="b">n</subfield><subfield code="2">rdamedia</subfield></datafield><datafield ind1=" " ind2=" " tag="338"><subfield code="b">nc</subfield><subfield code="2">rdacarrier</subfield></datafield><datafield ind1="1" ind2=" " tag="490"><subfield code="a">Germanistische Bibliothek</subfield><subfield code="v">Band 64</subfield></datafield><datafield ind1=" " ind2=" " tag="500"><subfield code="a">Texte majoritairement en allemand, quelques contributions en anglais</subfield></datafield><datafield ind1=" " ind2=" " tag="500"><subfield code="a">&quot;Die in dem vorliegenden Band veröffentlichten Beiträge gehen auf Vorträge bei der Tagung &quot;Namen und Wörter. Theoretische Grenzen - Übergänge im Sprachwandel&quot; zurück, die vom 5. bis 7. Oktober 2017 [...] in Bamberg stattgefunden hat.&quot;</subfield></datafield><datafield ind1=" " ind2="7" tag="650"><subfield code="a">Noms</subfield><subfield code="0">(IDREF)027790665</subfield><subfield code="2">idref</subfield></datafield><datafield ind1=" " ind2="7" tag="650"><subfield code="a">Locutions</subfield><subfield code="0">(IDREF)027461696</subfield><subfield code="2">idref</subfield></datafield><datafield ind1=" " ind2="7" tag="650"><subfield code="a">Changement linguistique</subfield><subfield code="0">(IDREF)027260259</subfield><subfield code="2">idref</subfield></datafield><datafield ind1=" " ind2="7" tag="650"><subfield code="a">Allemand (langue)</subfield><subfield code="0">(IDREF)027789829</subfield><subfield code="2">idref</subfield></datafield><datafield ind1=" " ind2="7" tag="650"><subfield code="a">Onomastique</subfield><subfield code="0">(IDREF)027338037</subfield><subfield code="2">idref</subfield></datafield><datafield ind1=" " ind2="7" tag="650"><subfield code="a">Wort</subfield><subfield code="0">(DE-588)4066951-8</subfield><subfield code="2">gnd</subfield></datafield><datafield ind1=" " ind2="7" tag="650"><subfield code="a">Deutsch</subfield><subfield code="0">(DE-588)4113292-0</subfield><subfield code="2">gnd</subfield></datafield><datafield ind1=" " ind2="7" tag="650"><subfield code="a">Name</subfield><subfield code="0">(DE-588)4127959-1</subfield><subfield code="2">gnd</subfield></datafield><datafield ind1=" " ind2="7" tag="650"><subfield code="a">Sprachwandel</subfield><subfield code="0">(DE-588)4056508-7</subfield><subfield code="2">gnd</subfield></datafield><datafield ind1=" " ind2="7" tag="655"><subfield code="a">[Études diverses]</subfield><subfield code="0">(RERO)A022249905</subfield><subfield code="2">rero</subfield></datafield><datafield ind1=" " ind2="7" tag="655"><subfield code="a">Actes de congrès</subfield><subfield code="0">(IDREF)02886431X</subfield><subfield code="2">idref</subfield></datafield><datafield ind1=" " ind2="7" tag="655"><subfield code="a">Konferenzschrift</subfield><subfield code="z">Bamberg</subfield><subfield code="y">2017</subfield><subfield code="2">gnd-content</subfield></datafield><datafield ind1=" " ind2=" " tag="690"><subfield code="a">Eigenname; Textilberuf; Fremdwort; Sprache; Abgrenzung; Appellativum; Aspekt; Familienname; Internet; Hochschule; Beer; Braun; Graf; Kremer; Wandel; Lexikografie; Reformation; Spannung</subfield><subfield code="2">idssg-J</subfield></datafield><datafield ind1=" " ind2=" " tag="690"><subfield code="a">Ereignisname; Fremdname; Gattungseigenname; Druckfassung; Namenbildung; Namengebung; Namenwerdung; Sprachwandel; Universitätsverlag; Festtagsbezeichnung; Fremdworterbucher; Informationssuche; Reformationszeit; Spannungsfeld</subfield><subfield code="2">idssg-J</subfield></datafield><datafield ind1=" " ind2=" " tag="690"><subfield code="a">begrifflicher Aspekt; gute Tradition; historisches Wörterbuch; althochdeutsche Lexikografie; geographischer Name; grafische Unterscheidung; handschriftliche Fassung; historische Bewertung; historische Quelle; humanistische Tradition; kreativer Sprachgebrauch; lexikografische Inkonsequenz; niederländisches Wörterbuch; reiner Eigenname; terminologischer Aspekt; terminologisches Problem; textleerer Raum</subfield><subfield code="2">idssg-J</subfield></datafield><datafield ind1=" " ind2=" " tag="690"><subfield code="a">Irland C4EUIR; Panama C2PANA; Deutschland C4EUGE; Schweiz C4EXSI; Baden-Württemberg C4EUGE</subfield><subfield code="2">idssg-J</subfield></datafield><datafield ind1=" " ind2=" " tag="690"><subfield code="a">Andrea Nievergelt; Anette Kremer; Antiqua Villa Wellede; Braun; Christina Beer; Claudia Wich Reif Kalendarien Kalender; Damaris Nubling; Deonymisierung Natalia Filatkina Claudine; Deonymisierung Natalia Filatkina Claudine Moulin Kreativer Sprachgebrauch; Dieter Nerius; Hans Blosen; Hans Sachs; Harald Pors; Heidelberg Rolf Bergmann Stefanie Stricker; Jost Ammans; Kirstin Casemir Wonet; Lexikografie Annette Klosa Name; Martin Hannes Graf; Martin Hannes Graf Namenwerdung Namenbildung Namengebung; Petra Ewald Anfuhrungszeichen; Rolf BERGMANN STEFANIE STRICKER Universitätsverlag; Rolf Bergmann Stefanie Stricker Eigennamen; Stefanie STRICKER; Tanneke Schoonheim Panama Paddenpoel Popswoude; Theo Vennemann; Ursula Götz Hellmut; Worter Ubergange</subfield><subfield code="2">idssg-J</subfield></datafield><datafield ind1="1" ind2=" " tag="700"><subfield code="6">880-02</subfield><subfield code="a">Bergmann, Rolf</subfield><subfield code="d">1937-</subfield><subfield code="0">(DE-588)11952032X</subfield><subfield code="e">Herausgeber</subfield><subfield code="4">edt</subfield></datafield><datafield ind1="1" ind2=" " tag="880"><subfield code="6">700-02</subfield><subfield code="a">Bergmann, Rolf</subfield><subfield code="d">1937-....</subfield><subfield code="0">(IDREF)028370759</subfield><subfield code="4">edt</subfield></datafield><datafield ind1="1" ind2=" " tag="700"><subfield code="6">880-03</subfield><subfield code="a">Stricker, Stefanie</subfield><subfield code="d">1959-</subfield><subfield code="0">(DE-588)111501970</subfield><subfield code="e">Herausgeber</subfield><subfield code="4">edt</subfield></datafield><datafield ind1="1" ind2=" " tag="880"><subfield code="6">700-03</subfield><subfield code="a">Stricker, Stefanie</subfield><subfield code="0">(RERO)A003870305</subfield><subfield code="4">edt</subfield></datafield><datafield ind1="4" ind2=" " tag="856"><subfield code="3">Titelblatt und Inhaltsverzeichnis</subfield><subfield code="u">https://toc.library.ethz.ch/objects/pdf03/z01_978-3-8253-6899-9_01.pdf</subfield><subfield code="q">pdf</subfield></datafield><datafield ind1=" " ind2="0" tag="830"><subfield code="a">Germanistische Bibliothek</subfield><subfield code="v">64</subfield><subfield code="w">(IDSSG)000985038HSB01</subfield></datafield><datafield ind1=" " ind2="0" tag="830"><subfield code="a">Germanistische Bibliothek</subfield><subfield code="v">64</subfield><subfield code="w">(RERO)R242691660-41slsp</subfield></datafield><datafield ind1=" " ind2=" " tag="900"><subfield code="a">REROnoselfmerge</subfield></datafield><datafield ind1=" " ind2=" " tag="900"><subfield code="a">IDSDSStoppsignal FREDi</subfield></datafield><datafield ind1=" " ind2=" " tag="900"><subfield code="a">IDSE5E51ANH-2019</subfield></datafield><datafield ind1=" " ind2=" " tag="900"><subfield code="a">IDSZ2zbzmon201807l</subfield><subfield code="c">IDSZ2kalh</subfield><subfield code="d">IDSZ2zbzswk201807g</subfield><subfield code="e">IDSZ2trun</subfield></datafield><datafield ind1=" " ind2=" " tag="949"><subfield code="a">https://toc.library.ethz.ch/objects/pdf03/z01_978-3-8253-6899-9_01.pdf</subfield></datafield></record>
</metadata></record>