<record><header><identifier>oai:alma.41SLSP_UGE:991000107559705502</identifier><datestamp>2024-02-02T01:20:03Z</datestamp><setSpec>uge_bcen_RapidILL_BOOK</setSpec><setSpec>uge_aaca_RapidILL_BOOK</setSpec><setSpec>uge_abels_RapidILL_BOOK</setSpec><setSpec>uge_dbu_RapidILL_BOOK</setSpec><setSpec>uge_cmu_RapidILL_BOOK</setSpec><setSpec>uge_mail_RapidILL_BOOK</setSpec><setSpec>uge_abbat_RapidILL_BOOK</setSpec><setSpec>UNIGE_ALL</setSpec><setSpec>uge_aobs_RapidILL_BOOK</setSpec><setSpec>uge_acar_RapidILL_BOOK</setSpec></header><metadata>
<record xmlns="http://www.loc.gov/MARC21/slim" xmlns:xsi="http://www.w3.org/2001/XMLSchema-instance" xsi:schemaLocation="http://www.loc.gov/MARC21/slim http://www.loc.gov/standards/marcxml/schema/MARC21slim.xsd"><leader>02893nam a2200709 c 4500</leader><controlfield tag="001">991000107559705502</controlfield><controlfield tag="005">20240201085135.0</controlfield><controlfield tag="008">201012s2019    fr       m||| 000 0 fre|d</controlfield><datafield ind1=" " ind2=" " tag="020"><subfield code="z">9782745351128</subfield><subfield code="q">e-ISBN</subfield></datafield><datafield ind1=" " ind2=" " tag="020"><subfield code="a">9782745351111</subfield><subfield code="q">pbk.</subfield></datafield><datafield ind1=" " ind2=" " tag="035"><subfield code="a">(swissbib)24290730X-41slsp_network</subfield></datafield><datafield ind1=" " ind2=" " tag="035"><subfield code="a">24290730X</subfield><subfield code="9">ExL</subfield></datafield><datafield ind1=" " ind2=" " tag="035"><subfield code="a">(IDSBB)007132636DSV01</subfield></datafield><datafield ind1=" " ind2=" " tag="035"><subfield code="a">(NEBIS)011503820EBI01</subfield></datafield><datafield ind1=" " ind2=" " tag="035"><subfield code="a">(RERO)R008966140-41slsp</subfield></datafield><datafield ind1=" " ind2=" " tag="035"><subfield code="a">(OCoLC)1122878540</subfield></datafield><datafield ind1=" " ind2=" " tag="035"><subfield code="a">(EXLNZ-41SLSP_NETWORK)991074667179705501</subfield></datafield><datafield ind1=" " ind2=" " tag="040"><subfield code="a">AUXAM</subfield><subfield code="b">ger</subfield><subfield code="e">rda</subfield><subfield code="d">CH-ZuSLS</subfield></datafield><datafield ind1=" " ind2=" " tag="044"><subfield code="a">sz</subfield><subfield code="c">ch-ge</subfield></datafield><datafield ind1=" " ind2="4" tag="050"><subfield code="a">PN</subfield></datafield><datafield ind1=" " ind2="7" tag="072"><subfield code="a">fr</subfield><subfield code="2">rero</subfield></datafield><datafield ind1="1" ind2=" " tag="080"><subfield code="a">840&quot;08/14&quot;CHR8</subfield></datafield><datafield ind1="0" ind2="4" tag="082"><subfield code="a">809</subfield></datafield><datafield ind1="1" ind2="4" tag="082"><subfield code="a">840</subfield><subfield code="2">15</subfield></datafield><datafield ind1="1" ind2="4" tag="082"><subfield code="a">800</subfield><subfield code="2">15</subfield></datafield><datafield ind1="1" ind2="4" tag="082"><subfield code="a">780</subfield><subfield code="2">15</subfield></datafield><datafield ind1=" " ind2=" " tag="084"><subfield code="a">IE 6585</subfield><subfield code="2">rvk</subfield></datafield><datafield ind1="1" ind2=" " tag="100"><subfield code="6">880-01</subfield><subfield code="a">Imperiali, Christophe</subfield><subfield code="d">1976-</subfield><subfield code="0">(DE-588)1115273418</subfield><subfield code="e">Verfasser</subfield><subfield code="4">aut</subfield></datafield><datafield ind1="1" ind2=" " tag="880"><subfield code="6">100-01</subfield><subfield code="a">Imperiali, Christophe</subfield><subfield code="d">1976-....</subfield><subfield code="0">(IDREF)136236189</subfield><subfield code="4">aut</subfield></datafield><datafield ind1="1" ind2="0" tag="245"><subfield code="a">En quête de Perceval</subfield><subfield code="b">étude sur un mythe littéraire</subfield><subfield code="c">Christophe Imperiali</subfield></datafield><datafield ind1=" " ind2="1" tag="264"><subfield code="a">Paris</subfield><subfield code="b">Honoré Champion éditeur</subfield><subfield code="c">2019</subfield></datafield><datafield ind1=" " ind2="2" tag="264"><subfield code="a">Genève</subfield><subfield code="b">diffusion hors France: Slatkine</subfield></datafield><datafield ind1=" " ind2=" " tag="300"><subfield code="a">504 pages</subfield><subfield code="c">24 cm</subfield></datafield><datafield ind1=" " ind2=" " tag="336"><subfield code="b">txt</subfield><subfield code="2">rdacontent</subfield></datafield><datafield ind1=" " ind2=" " tag="337"><subfield code="b">n</subfield><subfield code="2">rdamedia</subfield></datafield><datafield ind1=" " ind2=" " tag="338"><subfield code="b">nc</subfield><subfield code="2">rdacarrier</subfield></datafield><datafield ind1="1" ind2=" " tag="490"><subfield code="a">Mémoire du Moyen Age</subfield><subfield code="v">2</subfield></datafield><datafield ind1=" " ind2=" " tag="500"><subfield code="a">Cotutelle de thèse Université Paris IV et Université de Lausanne</subfield></datafield><datafield ind1=" " ind2=" " tag="500"><subfield code="a">Die Dissertation war dreiteilig, Teile 1 und 2 sind hier überarbeitet. Eine erste Teilüberarbeitung wurde separat publiziert.</subfield></datafield><datafield ind1=" " ind2=" " tag="502"><subfield code="g">Basiert auf</subfield><subfield code="b">Dissertation</subfield><subfield code="c">Université de Lausanne</subfield><subfield code="d">2008</subfield></datafield><datafield ind1=" " ind2=" " tag="502"><subfield code="g">Basiert auf</subfield><subfield code="b">Dissertation</subfield><subfield code="c">Université Paris IV</subfield><subfield code="d">2008</subfield></datafield><datafield ind1="0" ind2="7" tag="600"><subfield code="a">Parzival</subfield><subfield code="0">(DE-588)118641506</subfield><subfield code="2">gnd</subfield></datafield><datafield ind1="0" ind2="0" tag="600"><subfield code="a">Perceval</subfield><subfield code="c">Legendary character</subfield><subfield code="x">In literature</subfield></datafield><datafield ind1="0" ind2="0" tag="600"><subfield code="a">Perceval</subfield><subfield code="c">Legendary character</subfield></datafield><datafield ind1="0" ind2="7" tag="600"><subfield code="a">Perceval</subfield><subfield code="c">personnage légendaire</subfield><subfield code="0">(IDREF)066876818</subfield><subfield code="2">idref</subfield></datafield><datafield ind1=" " ind2="7" tag="648"><subfield code="a">Geschichte</subfield><subfield code="2">gnd</subfield></datafield><datafield ind1=" " ind2="7" tag="650"><subfield code="a">Literatur</subfield><subfield code="0">(DE-588)4035964-5</subfield><subfield code="2">gnd</subfield></datafield><datafield ind1=" " ind2="7" tag="650"><subfield code="a">Musik</subfield><subfield code="0">(DE-588)4040802-4</subfield><subfield code="2">gnd</subfield></datafield><datafield ind1=" " ind2="7" tag="650"><subfield code="a">Mythos</subfield><subfield code="0">(DE-588)4075159-4</subfield><subfield code="2">gnd</subfield></datafield><datafield ind1=" " ind2="7" tag="650"><subfield code="a">Rezeption</subfield><subfield code="0">(DE-588)4049716-1</subfield><subfield code="2">gnd</subfield></datafield><datafield ind1=" " ind2="0" tag="650"><subfield code="a">French literature</subfield><subfield code="x">History and criticism</subfield></datafield><datafield ind1=" " ind2="7" tag="650"><subfield code="a">Französisch</subfield><subfield code="0">(DE-588)4113615-9</subfield><subfield code="2">gnd</subfield></datafield><datafield ind1=" " ind2="7" tag="650"><subfield code="a">Mythe</subfield><subfield code="0">(IDREF)027240452</subfield><subfield code="2">idref</subfield></datafield><datafield ind1=" " ind2="7" tag="650"><subfield code="a">Littérature française</subfield><subfield code="0">(IDREF)027236935</subfield><subfield code="2">idref</subfield></datafield><datafield ind1=" " ind2="7" tag="650"><subfield code="a">Opéra</subfield><subfield code="0">(IDREF)027294188</subfield><subfield code="2">idref</subfield></datafield><datafield ind1=" " ind2="7" tag="655"><subfield code="a">Hochschulschrift</subfield><subfield code="2">gnd-content</subfield></datafield><datafield ind1="4" ind2=" " tag="856"><subfield code="3">Titelblatt und Inhaltsverzeichnis</subfield><subfield code="u">https://toc.library.ethz.ch/objects/pdf03/z01_978-2-7453-5111-1_01.pdf</subfield><subfield code="q">pdf</subfield></datafield><datafield ind1=" " ind2="0" tag="830"><subfield code="a">Mémoire du Moyen Age</subfield><subfield code="v">2</subfield><subfield code="w">(NEBIS)011139808EBI01</subfield></datafield><datafield ind1=" " ind2="0" tag="830"><subfield code="a">Mémoire du Moyen Age</subfield><subfield code="v">2</subfield><subfield code="w">(RERO)R008755486-41slsp</subfield></datafield><datafield ind1=" " ind2=" " tag="900"><subfield code="a">IDSDSStoppsignal FRED</subfield></datafield><datafield ind1=" " ind2=" " tag="900"><subfield code="a">IDSZ2zbzmon202001l</subfield><subfield code="c">IDSZ2spie</subfield><subfield code="d">IDSZ2zbzswk202002g</subfield><subfield code="e">IDSZ2kara</subfield></datafield><datafield ind1=" " ind2=" " tag="900"><subfield code="a">REROnoselfmerge</subfield></datafield><datafield ind1=" " ind2=" " tag="949"><subfield code="a">https://toc.library.ethz.ch/objects/pdf03/z01_978-2-7453-5111-1_01.pdf</subfield></datafield></record>
</metadata></record>